1774 3158
317 226 368 257 ΒΕ
401 226 524 256 οΒιΤυ
561 224 861 257 νΑιΕΝΤιΝιΑΝι
897 227 1170 259 CONSOLATto.
1365 214 1417 273 95

78 306 203 356 servi,
228 322 352 364 quam
377 308 444 349 ille
465 307 527 349 sui
549 307 739 366 corporis
762 306 867 348 suit?
887 308 989 360 Quis
1015 316 1095 349 tam
1123 309 1296 351 aliorum
1321 310 1426 351 arbi-

76 384 162 423 ter,
190 392 313 432 quam
337 377 404 419 ille
427 393 508 419 suae
540 392 692 419 censor
712 377 872 419 fetatis?

133 445 284 489 XVIII.
315 447 427 498 Quid
454 449 504 489 de
526 447 679 505 pietate
705 447 798 504 ejus
820 448 1001 504 loquar?
1022 448 1091 505 qui
1115 463 1209 489 cum
1235 448 1423 490 homines

77 517 204 560 nobili
222 525 333 558 ortos
350 533 518 574 genere,
537 527 578 559 et
595 518 797 574 locupleti
815 519 1024 575 prosapia,
1045 534 1135 574 quae
1154 519 1236 559 cito
1256 534 1422 560 movere

77 588 271 630 invidiam
296 589 425 634 solet,
451 588 572 645 regiae
596 589 836 645 cupiditatis
861 598 1080 630 accusator
1100 598 1291 645 urgeret,
1320 606 1425 645 prze—

76 660 206 700 sectus
244 658 479 706 insisteret,
526 658 739 715 respondit
782 667 826 699 ut
864 657 966 700 nihil
1010 667 1232 700 cruentum
1274 660 1426 700 sanctis

76 728 305 786 praesertim
338 728 483 768 diebus
513 736 782 769 statueretur.
818 727 868 768 Et
901 742 996 768 cum
1030 736 1123 783 post
1154 727 1310 783 aliquot
1342 728 1426 770 dies

79 796 328 839 accusatoris
359 797 568 852 legeretur
601 796 767 837 libellus
788 829 798 844 ,
834 797 1085 840 calumniam
1117 797 1426 853 pronuntiavit,

79 875 316 908 accusatum
337 867 481 913 libere,
503 867 636 906 donec
657 865 876 922 praefectus
895 875 1182 922 cognosceret,
1205 867 1425 909 observare

24 987 27 989 Α
77 935 206 993 jussit.
238 936 378 991 Neque
402 944 495 976 ante
521 944 591 976 aut
612 943 752 991 postea
775 936 991 991 quisquam
1019 935 1120 977 tanti
1144 935 1330 976 criminis
1347 937 1422 977 sub

79 1008 340 1048 adolescente
365 1005 614 1062 imperatore
638 1005 877 1047 formidavit
899 1005 1108 1047 iuvidiam.
1136 1006 1240 1048 Risit
1263 1008 1422 1048 adoles-

78 1094 177 1120 cens
194 1111 204 1126 ,
229 1078 341 1134 quod
358 1077 519 1117 robusti
543 1085 737 1118 metuunt
761 1077 1043 1133 imperatores.

133 1149 252 1191 XIX.
276 1148 442 1190 Miserat
462 1155 634 1204 propter
654 1148 941 1204 recuperanda
958 1148 1213 1203 templorum
1234 1149 1350 1205 jura,
1371 1165 1430 1190 sa-

77 1219 360 1263 cerdotiorum
376 1217 544 1274 profana
560 1217 771 1275 privilegia
794 1217 870 1272 (52
887 1220 898 1272 )
913 1218 1069 1264 ,cultus
1088 1232 1302 1259 sacrorum
1332 1235 1430 1262 suo·-

77 1308 168 1335 rum
202 1291 527 1344 Romalegatos3
553 1303 613 1334 et,
638 1288 750 1344 quod
777 1295 839 1329 est
861 1288 1024 1343 gravius
1041 1319 1052 1336 ‚
1069 1297 1233 1330 senatus
1251 1291 1421 1332 nomine

77 1362 329 1405 nitebantur.
356 1358 406 1399 Et
436 1373 532 1399 cum
560 1357 761 1405 universi,
788 1357 858 1413 qui
882 1358 921 1398 in
945 1358 1191 1399 consistorio
1223 1361 1420 1410 aderaut.

77 1430 290 1474 christiani
322 1429 474 1485 pariter
503 1436 626 1483 atque
656 1427 830 1484 gentiles
854 1428 1041 1468 dicerent:
1065 1443 1152 1469 esse
1177 1428 1387 1471 reddenda
1410 1449 1420 1480 ;

78 1503 186 1543 solus
209 1501 319 1541 velut
344 1497 511 1539 Daniel¹
534 1529 543 1546 ‚
568 1497 747 1537 excitato
776 1496 816 1536 iu
840 1512 881 1537 se
904 1496 978 1537 Dei
1007 1495 1185 1553 Spiritu,
1222 1501 1421 1555 arguebat

78 1561 259 1620 perfidiae
288 1557 533 1599 christianos
555 1588 565 1603 ‚
599 1555 820 1612 gentilibus
847 1556 1041 1596 obviabat
1072 1557 1213 1597 dicens
1251 1573 1258 1598 :
1294 1560 1422 1610 Quod

77 1632 168 1688 pius
189 1630 313 1670 frater
329 1627 496 1683 eripuit,
513 1626 724 1682 quomodo
745 1641 764 1666 a
784 1640 850 1666 me
865 1625 1016 1681 putatis
1029 1640 1117 1666 esse
1134 1627 1423 1671 reddendum?

79 1716 172 1742 cum
197 1700 235 1740 in
261 1714 309 1740 eo
332 1707 372 1739 et
405 1696 548 1752 religio
582 1696 756 1737 laedatur
783 1703 821 1736 et
851 1695 997 1743 frater,
1039 1711 1058 1736 a
1096 1710 1177 1751 quo
1217 1712 1259 1737 se
1293 1700 1423 1742 nollet

77 1769 231 1829 pietate
254 1767 454 1825 superari,

135 1841 231 1884 XX.
269 1839 433 1879 Etcum
456 1846 629 1894 paterno
648 1835 944 1876 conveniretur
966 1837 1155 1891 exemplo
1175 1868 1186 1884 ‚
1212 1840 1322 1892 quod
1345 1842 1420 1882 sub

78 1919 194 1968 patre
217 1923 290 1950 suo
307 1923 354 1949 ea
377 1907 514 1947 nullus
538 1905 786 1952 abstulerat,
813 1905 1028 1960 respondit
1054 1920 1061 1945 :
1089 1905 1251 1948 Patrem
1281 1923 1419 1953 meum

78 1978 376 2035 laudatisquia
397 1992 478 2019 non
499 1976 684 2023 abstulit3
709 1990 783 2016 nec
802 1990 877 2031 ego
898 1975 1059 2017 abstuli.
1077 1976 1287 2033 Numquid
1306 1990 1422 2037 pater

79 2067 195 2093 meus
214 2047 408 2094 reddidit,
428 2055 474 2088 ut
494 2062 559 2087 me
578 2047 729 2087 debere
751 2047 927 2086 reddere
945 2046 1192 2102 postuletis?
1208 2048 1423 2094 Postremo

79 2120 238 2163 etiamsi
272 2127 388 2175 pater
419 2116 693 2163 reddidisset,
728 2115 855 2156 frater
886 2116 1136 2163 abstulerat,
1172 2117 1422 2162 imitatorem

80 2192 120 2233 in
152 2206 198 2231 ea
228 2197 344 2247 parte
377 2186 512 2228 fratris
542 2201 630 2227 esse
662 2201 727 2226 mo
756 2186 936 2226 mallem.
965 2185 1048 2226 Aut
1072 2189 1276 2243 numquid
1306 2205 1423 2234 meus

79 2270 197 2319 pater
215 2267 410 2315 augustus
433 2256 507 2298 fuit
522 2289 531 2304 ‚
562 2263 600 2296 ot
621 2256 748 2297 frater
769 2270 851 2296 non
869 2254 979 2296 suit?
1004 2256 1082 2296 Par
1108 2256 1273 2313 utrique
1295 2260 1425 2301 debe..

81 2340 149 2373 tur
165 2328 417 2376 reverentia,
433 2335 474 2368 et
490 2341 563 2383 par
585 2326 800 2381 utriusque
811 2333 870 2366 est
883 2325 1306 2382 circareinpublicam
1329 2345 1424 2386 gra..

82 2401 148 2443 tia.
184 2401 417 2454 Utrumque
447 2396 645 2438 imitabor
672 2410 681 2430 ⁴.
710 2404 755 2437 ut
780 2404 820 2436 et
842 2410 924 2436 non
959 2396 1131 2437 reddam
1162 2398 1274 2453 quod
1305 2408 1422 2455 pater

82 2469 256 2514 reddere
287 2483 368 2510 non
400 2467 564 2524 potuitg
598 2466 694 2524 quia
725 2466 864 2508 nullus
897 2466 1124 2508 abstulerat
1153 2481 1162 2508 ε
1192 2475 1233 2509 et
1265 2483 1424 2514 servem

127 2558 136 2574 ¹
158 2549 242 2580 Dan.
263 2559 335 2586 xm,
353 2547 408 2586 45.
