1774 3158
446 210 497 235 me
530 207 654 235 οηιτυ
690 206 908 234 'r11eonos11
943 206 1110 234 onwxo.
1378 191 1452 233 1¹3³,

168 287 255 330 XL.
289 286 409 330 Nunc
440 303 483 329 se
516 295 698 344 augustae
734 286 947 327 memoriae
983 285 1244 328 Theodosius
1280 300 1455 342 regnare

111 357 340 413 cognoscit,
365 357 535 413 quando
567 357 606 397 in
634 371 761 413 reguo
785 354 958 396 Domini
986 354 1086 395 Jcsu
1125 354 1278 396 Christi
1308 363 1385 401 est,
1418 363 1460 396 et

110 427 350 468 considerat
368 428 571 483 templum
589 426 691 482 ejus.
723 425 843 467 Nunc
868 424 945 465 sibi
973 438 1046 464 rex
1067 433 1144 472 est,
1170 425 1338 479 quando
1357 424 1460 465 reci-

108 495 168 551 pit
187 496 312 537 etiam
331 494 463 537 silium
480 496 743 542 Gratianum,
764 503 804 536 et
820 493 1102 541 pulcheriam,
1124 493 1365 534 dulcissima
1381 493 1458 534 sibi

106 563 297 620 pignora,
319 580 408 620 quae
431 565 497 606 hic
521 565 728 610 amiserat,
750 564 919 620 quando
944 562 980 604 ei
1003 577 1076 603 sua
1099 562 1297 603 Flaccilla
1318 562 1458 603 adhae-

106 620 186 680 ret,
211 633 344 675 fidelis
370 634 505 675 anima
528 630 828 690 Deo3‘quanclo
850 641 1011 689 patrem
1034 631 1112 673 sihi
1131 631 1346 672 redditum
1371 647 1457 687 gra-

107 705 278 752 tulatur,
294 706 461 759 quando
482 704 756 745 Constantino
773 703 970 744 adhaeret.
991 701 1068 743 Cui
1083 702 1182 743 licet
1199 701 1460 758 baptismatis

104 774 233 830 gratia
251 774 291 815 in
315 774 470 815 ultimis
487 774 715 815 constituto
731 773 868 814 omnia
886 781 1058 830 peccata
1078 772 1299 819 dimiserit,
1318 779 1457 813 tamen

104 845 216 899 quod
243 844 402 901 primus
427 845 729 901 imperatorum
759 844 953 890 credidit,
982 851 1023 884 ct
1051 851 1143 899 post
1170 858 1213 884 se
1237 842 1460 884 haeredita-

106 921 189 955 tem
213 913 310 956 fidei
342 914 606 972 principibus
631 913 877 969 dereliquit,
904 913 1044 969 magni
1067 912 1205 954 meriti
1227 914 1368 954 locum
1392 927 1462 953 re-

101 984 222 1041 perit.
241 983 371 1041 Cujus
388 984 650 1041 temporibus
664 985 922 1040 completum
936 983 1111 1025 estillud
1129 983 1426 1039 propheticum
1446 998 1454 1023 :

111 1070 125 1091 «
145 1053 192 1094 In
220 1053 290 1096 illo
315 1054 381 1095 die.
403 1054 506 1102 erit,
531 1055 644 1108 quod
671 1068 798 1110 super
819 1053 984 1094 frenum
1015 1052 1134 1108 equi,
1163 1061 1355 1094 sanctum
1376 1052 1455 1093 Do-

100 1141 115 1162 »
130 1123 245 1164 mino
269 1123 589 1180 omnip‘otenti¹.
612 1141 627 1161 »
647 1122 772 1172 Quod
797 1123 866 1164 illa
888 1129 1041 1163 sanctae
1063 1122 1278 1170 memoriae
1299 1121 1457 1162 Helena

100 1201 235 1234 mater
261 1193 351 1249 ejus
377 1192 513 1234 infuso
535 1191 613 1232 sibi
635 1191 711 1233 Dei
735 1191 892 1249 Spiritu
918 1192 1127 1233 revelavit.

156 1261 267 1303 XLI.
305 1262 459 1303 Beatus
485 1260 785 1302 Constantinus
810 1261 878 1302 tali
902 1270 1092 1316 parente,
1120 1275 1211 1316 quae
1234 1260 1457 1317 imperanti

99 1329 185 1371 [isso
218 1330 347 1372 divini
386 1330 572 1371 muneris
608 1329 799 1385 quaesivit
837 1330 1038 1371 auxilium
1080 1330 1191 1387 (59),
1231 1345 1314 1386 quo
1350 1331 1460 1372 inter

96 1401 238 1458 praelia
257 1416 425 1457 quoque
450 1409 564 1442 tutus
584 1400 810 1449 assisteret,
835 1409 876 1442 et
897 1401 1134 1456 periculum
1162 1416 1246 1442 non
1275 1402 1454 1443 timeret.

97 1472 244 1528 Magna
264 1470 451 1518 soemina,
478 1485 570 1526 quae
593 1471 727 1511 multo
756 1469 934 1527 amplius
957 1470 1117 1511 invenit
1140 1471 1252 1526 quod
1276 1470 1461 1526 impera*⁴

98 1541 177 1582 tori
199 1540 424 1588 conferret,
449 1555 575 1596 quam
594 1541 708 1596 quod
727 1539 777 1580 ab
797 1539 1051 1596 imperatore
1071 1541 1295 1596 acciperet.
1325 1541 1456 1582 Anxia

96 1617 230 1651 mater
249 1624 325 1666 pro
346 1608 454 1658 filio,
480 1609 547 1650 cui
570 1623 749 1666 regnum
772 1609 885 1651 orbis
905 1610 1083 1652 Romani
1112 1618 1309 1656 cesserat,
1335 1609 1449 1651 festi-

95 1680 210 1722 navit
224 1679 580 1735 Hierosolymam,
598 1687 638 1721 et
657 1687 841 1722 scrutata
862 1681 1084 1722 esttecum
1103 1679 1337 1721 Dominicze
1360 1673 1447 1735 pas-

97 1749 236 1792 sionis.

155 1820 283 1864 XLII.
321 1820 605 1863 Stabulariam
640 1822 749 1863 hanc
780 1822 916 1878 primo
950 1822 1075 1864 fuisse
1106 1831 1295 1864 asserunt
1338 1823 1447 1876 (Ge),

96 1891 154 1933 sic
194 1892 406 1948 cognitam
424 1891 670 1933 Constantio
689 1892 860 1940 seniori,
881 1893 951 1948 qui
970 1901 1112 1950 postea
1131 1906 1311 1948 regnum
1331 1891 1454 1948 adep-

94 1969 158 2002 tus
180 1969 255 2003 est.
281 1962 397 2003 Bona
422 1961 665 2010 stabularia,
689 1977 781 2017 quae
803 1971 888 2003 tam
913 1962 1136 2019 diligenter
1152 1977 1338 2018 praesepe
1366 1964 1450 2001 Do-

93 2031 195 2072 mini
231 2031 458 2087 requisivit.
497 2031 615 2073 Bona
646 2032 890 2080 stabularia,
928 2047 1021 2088 quae
1053 2031 1329 2074 stabularium
1363 2045 1449 2072 non

93 2100 295 2156 ignoravit
308 2101 442 2148 illum,
457 2100 526 2156 qui
542 2102 715 2143 vulnera
733 2101 894 2142 curavit
913 2117 931 2142 a
950 2102 1182 2143 latronibus
1201 2099 1443 2142 vulnerati2.

93 2171 208 2212 Bona
236 2170 475 2218 stabularia,
501 2185 592 2227 quae
616 2171 764 2211 maluit
786 2171 982 2212 aestimari
1009 2180 1210 2218 stercora,
1235 2179 1281 2212 ut
1302 2170 1446 2211 Chris-

93 2250 182 2282 tum
204 2241 511 2282 lucrifaceret³.
542 2242 641 2283 Ideo
665 2241 779 2283 illam
803 2241 992 2283 Christus
1016 2243 1068 2284 de
1090 2251 1276 2283 stercore
1297 2243 1448 2283 levavit

94 2311 144 2351 ad
164 2324 355 2366 regnum,
382 2311 614 2352 secundum
638 2312 752 2366 quod
773 2311 977 2368 scriptum
1000 2320 1061 2354 est
1081 2327 1090 2353 ε
1109 2330 1122 2350 ιι
1140 2312 1249 2363 Quia
1272 2312 1445 2352 suscitat

93 2380 173 2421 »de
195 2387 304 2421 terra
320 2379 504 2438 inopem,
526 2389 566 2422 et
588 2382 638 2423 de
660 2389 842 2424 stercore
865 2382 985 2439 erigit
1002 2397 1229 2440 pauperem
1245 2381 1274 2422 Δ.
1298 2400 1312 2419 >›

138 2490 146 2503 ¹
176 2482 274 2517 zach.
306 2494 384 2521 xiv,
413 2494 464 2516 20.
498 2501 535 2509 —
564 2493 576 2509 ²
606 2484 683 2515 Luc.
719 2495 749 2526 x,
780 2482 832 2520 54.
862 2502 901 2507 —
933 2486 946 2509 ³
975 2483 1092 2526 Philip.
1126 2495 1175 2521 ιιι,
1199 2482 1230 2515 S.
1249 2499 1288 2505 -—-
1316 2483 1328 2508 ⁴
1359 2479 1445 2511 P2al.

92 2545 180 2575 cxii,
208 2548 237 2577 7.
