1774 3158
320 255 371 282 DE
407 251 580 281 EXCESSU
613 250 785 279 FRATms
817 250 880 278 SUI
913 251 1078 285 SATYPJ,
1117 252 1196 280 Lm.
1236 253 1263 280 1.
1427 238 1477 280 23

125 331 350 380 adulandi,
388 329 550 387 injuriae
593 329 781 372 dolorem
813 329 1042 370 clementer
1074 328 1312 377 absorbuit,
1352 344 1478 386 quam

122 400 422 442 inclementius
448 398 671 441 vindicavit
705 414 714 439 ε
747 399 925 454 querelae
948 413 1070 454 quam
1095 399 1191 440 dolo
1218 399 1476 455 promptior,

125 470 401 512 satisfactioni
435 458 566 512 facilis
583 501 593 517 ,
630 467 812 510 difficilis
835 468 1077 517 ambitioni,
1104 478 1274 511 sanctus
1295 469 1476 527 pudori3

122 548 168 581 ut
189 540 435 596 frequenter
459 539 500 580 in
528 554 577 580 eo
605 537 861 596 superfluam
889 538 1018 594 magis
1040 540 1338 581 verecundiam
1366 555 1477 597 prse-

124 610 310 659 dicares,
333 625 459 667 quam
490 610 768 652 necessariam
792 624 1012 665 quaereres.
1191 611 1194 614 ’

179 680 266 723 LII.
303 681 383 722 Sed
406 695 623 736 nunquam
651 680 863 737 superflua
887 680 1160 722 fundamenta
1178 680 1370 730 virtutis3
1395 697 1476 738 pu-

125 750 203 791 dor
223 750 335 792 enim
361 765 447 791 non
481 758 675 800 revocat,
706 751 779 791 sed
804 750 1075 792 commendat
1096 749 1298 792 officium.
1332 750 1478 806 Itaque

122 819 237 860 velut
255 820 434 876 quadam
454 819 644 877 virginali
663 819 915 861 verecundia
934 818 1117 861 suffusus
1135 834 1223 873 ora,
1241 834 1338 861 cum
1358 822 1474 861 vultu

125 888 321 932 affectum
351 892 571 947 proderet,
601 891 633 932 si
656 891 764 932 forte
788 891 969 946 aliquam
993 891 1131 932 subito
1158 890 1328 932 veniens
1352 890 1480 932 oss'cn-

124 961 251 1003 disset
279 970 497 1019 parentem
519 993 532 1011 ,
560 963 676 1003 velut
714 962 936 1019 depressus
967 969 1008 1002 et
1044 961 1159 1017 quasi
1194 962 1409 1003 demersus
1441 963 1481 1003 in

124 1040 299 1079 terram,
318 1032 433 1080 licet,
455 1031 604 1089 inipso
623 1047 888 1088 nequaquam
912 1030 1122 1072 dissimilis
1142 1039 1252 1072 coetu
1277 1030 1477 1081 virorum,

122 1117 238 1143 rarus
273 1103 465 1143 attollere
498 1117 566 1150 os,
601 1104 765 1144 elevare
797 1103 944 1144 oculos
964 1134 974 1149 ‚
1009 1101 1167 1143 referre
1199 1116 1436 1143 sermonem
1472 1118 1481 1143 :

122 1173 236 1228 quod
266 1173 419 1228 pudico
448 1174 631 1228 quodam
659 1173 811 1214 mentis
841 1173 1004 1229 pudore
1029 1172 1233 1219 faciebat,
1265 1187 1360 1213 cum
1398 1187 1481 1228 quo

124 1241 366 1283 castimonia
396 1258 563 1299 quoque
590 1243 779 1300 corporis
813 1242 1087 1298 congruebat.
1116 1241 1283 1283 Etenim
1309 1241 1481 1283 inteme-

122 1320 210 1353 rata
245 1312 351 1353 sacri
382 1312 645 1369 baptismatis
679 1315 788 1354 dona
815 1311 1019 1359 servavit,
1058 1313 1241 1353 mundus
1273 1326 1476 1368 corpore,

121 1382 266 1439 purior
283 1382 410 1423 corde
430 1397 438 1423 :
455 1397 539 1423 non
558 1382 696 1423 minus
715 1381 940 1423 adulterini
959 1381 1164 1422 sermonis
1179 1380 1474 1438 opprobrium,

122 1465 246 1507 quam
265 1451 452 1508 corporis
477 1451 804 1509 perhorrescens
834 1466 843 1492 ε
870 1466 954 1492 non
977 1451 1186 1493 minorem
1209 1460 1324 1492 ratus
1353 1451 1480 1509 pudi-

123 1521 229 1563 citiae
246 1522 520 1563 reverentiam
543 1522 813 1563 deserendam
831 1521 1069 1578 integritate
1083 1521 1327 1569 verborum,
1351 1536 1478 1577 quam

123 1592 311 1649 corporis
330 1592 539 1635 castitate.

179 1661 287 1704 LIII.
324 1662 516 1718 Denique
551 1663 591 1704 in
620 1670 784 1704 tantum
813 1661 1103 1711 castimoniam
1129 1660 1295 1708 dilexit,
1329 1669 1375 1702 ut
1400 1676 1480 1703 nce

123 1746 296 1772 uxorem
319 1741 562 1788 expeteret,
588 1732 688 1774 licet
713 1732 754 1773 in
778 1747 828 1774 eo
856 1747 941 1773 non
964 1733 1098 1773 solum
1126 1730 1328 1773 castitatis
1353 1747 1483 1788 appe-

124 1801 252 1842 tentia
275 1801 400 1842 suerit
416 1835 426 1848 ‚
452 1803 525 1843 sed
547 1801 672 1843 etiam
696 1801 863 1859 pietatis
885 1802 1031 1858 gratia.
1060 1801 1165 1843 Miro
1190 1812 1331 1842 autem
1351 1802 1482 1842 modo

124 1879 166 1912 et
189 1869 434 1927 conjugium
455 1871 760 1918 dissimulabat,
780 1879 822 1912 et
838 1871 1082 1927 jactantiam
1104 1870 1369 1912 declinabat:
1393 1878 1483 1910 tan-

123 1947 250 1995 taque
284 1947 373 1981 erat
417 1939 718 1989 dissimulatio,
755 1949 801 1983 ut
841 1941 962 1982 nobis
998 1955 1168 1996 quoque
1202 1939 1476 1996 urgentibus,

124 2008 292 2052 differre
314 2009 444 2067 magis
463 2012 745 2060 consortium,
769 2026 894 2068 quam
920 2010 1111 2067 refugere
1135 2010 1362 2051 videretur.
1390 2009 1479 2050 Hoc

123 2094 257 2120 unum
275 2079 416 2136 itaque
433 2080 526 2129 suit,
547 2083 660 2137 quod
678 2097 755 2122 nec
774 2081 973 2122 fratribus
990 2079 1182 2121 crederet
1200 2094 1208 2120 ε
1234 2093 1320 2121 non
1346 2078 1479 2134 aliqua

125 2149 401 2192 cunctationis
424 2151 667 2200 haesitantia‚
695 2153 768 2193 sed
790 2151 955 2193 virtutis
979 2149 1250 2191 verecundia.

183 2220 290 2264 LIV.
328 2222 432 2273 Quis
456 2223 580 2278 igitur
599 2238 683 2264 non
706 2223 885 2264 miretur
905 2222 1041 2263 virum
1067 2221 1176 2261 inter
1197 2220 1345 2261 fratres
1369 2219 1476 2260 duos

127 2290 297 2332 alteram
330 2291 557 2348 virginem,
592 2295 770 2334 alterum
803 2294 1090 2339 sacerdotem,
1118 2299 1238 2332 {etate
1260 2289 1477 2337 medium,

125 2360 465 2416 magnanimitate
487 2377 570 2403 non
594 2363 820 2419 imparem,
850 2362 904 2402 ita
935 2362 1042 2402 inter
1067 2362 1149 2402 duo
1173 2359 1354 2400 maxima
1381 2375 1477 2400 mu-

127 2443 225 2469 nera
252 2430 509 2486 praestitisse3
536 2441 582 2473 ut
616 2433 782 2473 alterius
805 2431 990 2473 muneris
1013 2431 1273 2478 castitatem,
1304 2431 1476 2471 alterius

126 2499 389 2541 sanctitatem
420 2501 594 2544 referret
620 2537 627 2550 ,
659 2517 743 2543 non
776 2501 1043 2558 professionis
1074 2501 1266 2548 vinculo,
1305 2500 1378 2541 sed
1406 2499 1479 2540 vir·

127 2568 227 2610 tutis
252 2569 420 2612 officio?
449 2571 560 2628 Ergo
592 2572 624 2614 si
650 2572 780 2615 libido
806 2581 931 2628 atque
962 2570 1182 2613 iracundia
1216 2569 1478 2625 reliquorum
