1774 3158
504 260 785 289 ErlsToLAnml
821 261 977 291 CLAssls
1011 265 1036 292 1.
1374 263 1455 308 ¹209

100 347 305 387 attexere,
349 353 397 380 eo
430 341 544 395 quod
580 339 665 395 jam
701 355 849 398 vesper
886 341 1262 399 appropinquaret,
1309 343 1456 400 generi

96 409 291 465 precibus
306 442 314 456 ‚
333 423 441 465 aegre
458 409 557 451 licet
571 442 579 457 ‚
609 418 749 452 tamen
773 411 998 467 acquievit.

155 478 200 521 V.
238 480 312 521 Ille
334 480 412 521 iter
437 495 558 522 sunm
581 481 765 538 perrexit
786 482 904 523 laetus
935 482 1084 531 animi,
1110 485 1226 539 quod
1251 484 1447 526 dilectam

96 550 171 591 sibi
196 551 561 607 recuperavisset¹.
591 551 676 603 Qui
706 567 790 593 uno
814 553 1001 594 comitati
1023 553 1187 595 servulo
1204 586 1215 602 ,
1243 568 1340 595 cum
1363 554 1449 609 jam

97 621 325 664 declinaret
366 623 475 672 dies,
510 621 659 664 festino
694 623 802 664 viam
835 624 1074 665 celerabant
1113 624 1257 680 gradu.
1294 625 1445 666 Mulier

95 692 328 735 vehebatur
348 693 539 749 jumento
554 727 562 742 ,
583 694 671 736 viro
695 695 836 735 nullus
855 708 1000 736 sensus
1018 694 1195 743 laboris,
1217 694 1287 750 qui
1305 694 1447 736 fructu

97 763 314 811 desiderii,
341 765 465 806 simul
496 773 536 807 et
560 766 674 806 vario
711 765 897 806 mulieris
933 779 980 807 ac
1018 766 1234 808 vernaculi
1257 781 1453 808 sermone

94 833 202 875 viam
237 835 406 876 levaret.
449 835 641 891 Denique
668 835 741 877 ubi
769 835 1107 891 Hierosolymam
1140 835 1455 893 appropinqua-

95 911 218 951 runt,
244 919 334 960 quae
371 904 537 961 triginta
575 905 717 947 stadiis
753 905 924 955 aberat,
961 921 1088 962 quam
1127 915 1229 948 tunc
1251 906 1452 963 temporis

92 974 273 1018 Jebusaei
303 976 528 1024 tenebant,
550 977 763 1034 suggessit
799 992 904 1033 puer
937 976 1252 1020 deflectendum
1281 978 1323 1019 in
1354 978 1458 1020 civi-

94 1055 220 1090 tatem
242 1080 251 1095 ,
276 1048 370 1104 quia
395 1048 470 1089 sub
500 1055 670 1090 noctem
693 1056 888 1105 suspecta
909 1057 1051 1091 essent
1080 1049 1209 1091 etiam
1240 1040 1341 1097 illa,
1362 1064 1454 1105 quae

95 1118 246 1160 tutiora
269 1127 389 1167 sunt,
417 1120 686 1176 cavendaque
714 1119 1241 1176 te11ebraruu1,ambigua;
1271 1120 1454 1162 maxime

95 1190 191 1246 quia
217 1192 409 1232 locorum
446 1191 594 1233 incolae
630 1207 715 1233 non
755 1201 894 1233 essent
922 1192 973 1233 de
995 1190 1088 1233 siliis
1111 1192 1254 1234 Israe'l.
1288 1192 1339 1233 Et
1363 1192 1457 1235 ideo

93 1262 455 1317 prsevertendum,
485 1277 538 1303 ne
561 1262 662 1318 quid
685 1262 855 1303 adversa
889 1261 1026 1318 studia
1057 1269 1248 1318 gerentes
1282 1261 1450 1304 insidia·

95 1345 188 1371 rum
209 1330 434 1379 inferrent,
457 1332 639 1373 obscuro
660 1332 793 1373 noctis
815 1332 958 1373 dolum
981 1331 1266 1387 quaerentibus
1287 1331 1338 1372 ad
1360 1346 1452 1388 per-

94 1402 346 1457 petrandum
388 1401 549 1444 facinus
590 1402 687 1443 satis
725 1409 979 1458 opportuno.
1016 1401 1101 1443 Sed
1144 1401 1315 1444 domino
1361 1402 1452 1457 ejus

95 1469 420 1527 haudquaquam
442 1472 600 1529 placuit
623 1472 852 1520 sententia,
880 1481 926 1514 ut
948 1471 1057 1513 inter
1082 1471 1335 1528 alienigenas
1358 1472 1452 1514 hos-

94 1541 196 1598 pitio
220 1542 518 1590 succederent3
541 1557 639 1584 cum
653 1542 768 1584 Gaba
791 1551 833 1584 et
850 1543 982 1584 Rama
1007 1557 1090 1584 non
1114 1542 1239 1600 longe
1255 1543 1450 1585 abessent

96 1613 284 1657 civitates
296 1615 533 1671 Beniamin.
547 1616 692 1671 Itaque
714 1616 941 1672 praevalens
956 1615 1161 1657 sententia
1177 1647 1187 1666 ‚
1204 1615 1452 1672 posthabuit

96 1685 248 1726 servuli
271 1684 579 1742 suggestionem
599 1702 608 1733 ;
636 1686 752 1742 quasi
773 1700 823 1727 ex
841 1685 1083 1728 conditione
1102 1686 1324 1728 consilium
1345 1686 1451 1728 aesti-

95 1764 303 1804 maretur‚
327 1765 369 1798 et
391 1771 476 1797 non
509 1755 684 1798 consilio
707 1755 895 1812 quamvis
919 1754 1062 1797 infima
1088 1755 1275 1798 conditio
1304 1758 1454 1799 alleva-

96 1835 230 1869 retur.
261 1827 312 1869 Et
332 1826 417 1882 jam
448 1828 510 1869 sol
536 1827 577 1868 in
605 1842 758 1868 occasu
781 1835 870 1869 erat
894 1842 902 1868 ε
933 1827 1114 1884 denique
1140 1828 1207 1870 vix
1236 1829 1450 1878 occurrit,

93 1912 190 1940 cum
208 1897 290 1953 jam
318 1906 540 1954 urgeretur
560 1912 733 1955 vespere
752 1898 794 1939 in
818 1898 1031 1940 civitatem
1054 1898 1298 1942 succedere.

157 1968 222 2011 VI.
261 1968 506 2011 Gabaonitae
547 1968 794 2011 incolebant
827 1970 970 2011 locum
987 2002 996 2017 ,
1038 1969 1310 2027 inhospitales
1328 2004 1337 2019 ,
1377 1971 1452 2013 im-

93 2039 241 2087 mites,
277 2038 613 2087 intolerabiles¹3
645 2038 784 2080 omnia
820 2047 961 2080 tamen
994 2039 1299 2083 tolerabiliores
1339 2041 1452 2099 (79),

96 2126 222 2167 quam
251 2111 284 2153 si
320 2111 499 2167 aliquem
527 2110 709 2168 hospitio
739 2110 1010 2167 recepissent.
1039 2110 1230 2168 Denique
1260 2126 1454 2154 commo-

97 2181 189 2223 dius
207 2181 306 2223 huic
324 2181 412 2223 viro
436 2181 590 2224 Levitae
614 2189 821 2231 cesserat,
838 2181 870 2223 si
894 2180 935 2222 in
958 2181 1101 2223 Gabaa
1124 2180 1352 2239 hospitium
1370 2197 1455 2225 non

96 2252 331 2308 reperisset.
366 2251 524 2294 Verum
553 2267 606 2294 ne
632 2252 734 2308 quid
756 2253 920 2294 deesset
941 2251 1182 2293 offensionis
1199 2284 1209 2301 ,
1232 2252 1369 2309 primo
1395 2252 1456 2295 in-

97 2338 240 2379 gressu
263 2322 538 2365 diversorium
558 2337 641 2363 non
666 2322 822 2378 reperit
846 2338 855 2362 :
882 2330 1039 2363 etcum
1064 2322 1104 2363 in
1129 2322 1300 2379 publico
1324 2321 1426 2364 situs
1442 2355 1451 2370 ‚

99 2392 276 2434 alienam
306 2393 638 2434 misericordiam
664 2393 940 2450 imploraret,
966 2391 1140 2434 offendit
1163 2393 1455 2435 advenientem

98 2477 148 2504 ex
182 2478 278 2519 agro
307 2478 473 2512 senem,
498 2479 624 2520 quem
658 2478 807 2520 vesper
840 2479 889 2505 ex
913 2477 1040 2520 opere
1072 2464 1222 2520 agresti
1253 2464 1456 2522 compulit

99 2542 225 2576 nocte
249 2535 466 2576 decedere.
490 2534 657 2576 Etcum
681 2542 789 2576 esset
819 2534 855 2576 ei
883 2534 1158 2592 conspicuus,
1180 2544 1350 2593 rogatus
1373 2550 1455 2591 quo

146 2634 152 2648 ¹
173 2625 280 2657 Judic.
300 2632 633 2668 xxx,10‚etseqq.—
652 2626 844 2663 21b'1.1.15,
860 2631 889 2658 et
906 2626 998 2669 seqq.

249 2696 325 2722 Lxx.
1290 2687 1340 2735 14
