1774 3158
523 265 806 295 EPISTOLARUM
840 265 996 294 crassis
1030 268 1056 294 1.
1393 255 1473 296 313

131 344 328 386 affectum
352 342 477 384 animi
499 342 561 383 sui
585 344 762 398 prodat,
787 350 828 383 et
850 342 890 383 in
910 342 996 399 ipsa
1018 342 1189 400 hospitis
1213 345 1478 401 susceptione

130 430 203 471 per
222 413 418 469 injuriam
441 413 620 454 violetur
643 413 772 469 gratia
793 427 802 453 ε
825 414 899 454 sed
919 413 1050 469 magis
1076 416 1292 456 excolatur
1317 416 1473 457 ollicio·

130 499 223 524 rum
249 499 349 531 usu,
374 491 415 524 et
438 483 575 538 aliquo
590 482 861 524 humanitatis
882 483 1128 525 ministerio.
1159 484 1249 526 Non
1268 485 1378 526 enim
1400 502 1418 525 a
1435 494 1474 526 te

129 568 305 595 munera
327 553 549 609 exiguntur
567 552 663 594 ditia
683 584 693 600 ,
720 552 793 593 sed
817 551 953 594 officia
975 555 1208 595 voluntaria
1227 587 1236 602 ‚
1261 557 1382 611 plena
1403 571 1475 610 pa·

131 623 188 664 cis
206 655 216 670 ,
241 631 282 664 et
305 622 593 665 convenientis
614 622 877 670 concorcliae3
902 623 1077 664 meliora
1102 632 1199 664 sunt
1220 624 1332 665 enim
1364 626 1475 665 olera

131 707 228 733 cum
253 692 433 733 amicitia
455 699 495 732 et
518 691 692 747 gratia¹,
707 706 833 747 quam
853 692 884 732 si
905 691 1117 747 exquisitis
1143 691 1319 748 dapibus
1358 695 1475 733 ador-

130 770 255 802 notui·
276 761 532 807 convivium,
547 760 695 801 sidesit
714 760 886 802 affectus
904 762 1059 818 gratiae.
1079 761 1276 819 Legimus
1292 778 1476 819 pcreinp-

131 840 193 872 tos
215 831 326 887 gravi
347 831 522 887 populos
546 831 707 871 excidio
731 818 923 886 ᾞῐῖοῖηεῑ·
963 832 1114 872 violata
1154 831 1245 887 jura
1281 832 1432 888 hospiti
1448 832 1475 872 ².

130 900 306 956 Propter
323 900 539 942 libidinem
554 913 719 955 quoque
739 901 961 941 commissa
973 901 1081 942 bella
1105 901 1294 943 atrocia³.

192 970 277 1012 Vll.
317 970 399 1012 Sed
416 986 545 1028 prope
565 971 666 1011 nihil
685 971 848 1025 gravius
867 986 990 1027 quam
1015 974 1203 1028 copulari
1221 973 1478 1028 alienigenae,

133 1041 202 1081 ubi
222 1049 262 1082 et
278 1041 461 1081 libidinis
478 1041 750 1082 etdiscordize
779 1041 988 1082 incentiva
1006 1075 1015 1089 ‚
1042 1050 1082 1082 et
1104 1043 1306 1099 sacrilegii
1324 1042 1478 1098 flagitia

133 1111 382 1152 conflantur.
416 1111 517 1152 Nam
539 1126 634 1151 cuni
657 1112 790 1166 ipsum
811 1111 1057 1167 conjugium
1075 1112 1279 1152 velamine
1293 1112 1481 1153 sacerdo-

133 1181 203 1222 tali
226 1182 424 1236 (115)‚0t
449 1181 747 1221 benedictione
772 1180 1024 1222 sanctificari
1048 1190 1256 1236 oporteat·
1272 1182 1483 1236 quomodo

133 1259 270 1309 potest
289 1250 534 1307 conjugium
559 1250 639 1290 dici
658 1283 668 1297 ,
696 1251 766 1290 ubi
788 1267 871 1292 non
897 1260 957 1292 est
977 1251 1074 1292 fidei
1098 1252 1353 1293 concordia?
1376 1252 1482 1292 Cuni

136 1323 269 1364 oratio
300 1321 535 1362 communis
563 1336 652 1361 esse
693 1322 866 1369 delicat,
902 1324 1115 1377 quomodo
1147 1323 1256 1363 inter
1302 1323 1484 1378 dispares

137 1392 357 1433 devotione
380 1400 518 1447 potest
545 1406 634 1432 esse
657 1391 840 1447 conjugii
872 1392 1109 1432 communis
1133 1391 1343 1433 charitas?
1367 1392 1485 1448 Saepe

134 1464 323 1520 plerique
340 1462 448 1518 capti
464 1477 607 1502 amore
622 1461 888 1502 foeminarum
908 1461 1033 1503 fidem
1054 1478 1171 1503 suam
1185 1463 1482 1519 prodiderunt,-

137 1542 181 1574 ut
204 1541 369 1584 patrum
393 1533 572 1589 populus
596 1532 635 1572 in
660 1531 938 1588 Beelphegor.
962 1533 1081 1573 [nde
1101 1532 1299 1579 Phineos,
1320 1541 1486 1587 arrepto

137 1604 298 1660 gladio,
326 1603 534 1644 interfecit
552 1603 777 1643 Hebraeum
803 1611 844 1643 et
869 1602 1125 1644 Madianiten
1159 1602 1372 1644 soemiuam
1391 1604 1421 1649 ⁶,
1448 1611 1489 1643 ct

138 1673 342 1730 mitigavit
359 1672 690 1729 indignationem
719 1672 925 1719 divinam3
951 1687 1002 1713 ne
1024 1680 1136 1713 totus
1155 1673 1333 1729 populus
1355 1672 1487 1713 extin-

137 1752 349 1799 gueretur.

202 1813 307 1854 wll.
343 1813 457 1863 Quid
499 1813 550 1854 de
585 1812 774 1868 pluribus
818 1812 1018 1868 exemplis
1042 1812 1218 1868 loquar?
1251 1811 1311 1851 Ex
1349 1811 1489 1851 multis

142 1897 274 1923 unum
298 1882 532 1938 proferam,
558 1890 599 1922 et
617 1881 708 1936 ejus
732 1882 1134 1922 commemoratione
1160 1882 1338 1936 liqueat,
1367 1893 1491 1935 quain

140 1951 423 2008 perniciosum
456 1951 509 1992 sit
547 1951 788 2007 alienigena}
824 1951 1011 1993 mulieris
1051 1951 1244 1992 ascivisse
1275 1950 1484 2006 copulam.

141 2020 245 2071 Quis
262 2020 423 2068 sortior,
440 2029 480 2062 et
504 2021 554 2061 ab
577 2021 936 2062 incunabulissuis
950 2029 991 2062 et
1005 2021 1206 2062 munitior
1226 2020 1300 2061 Dei
1320 2019 1487 2076 spiritu,

139 2106 264 2147 quam
284 2091 501 2133 Nazaraeus
520 2089 725 2132 Samson?
742 2091 793 2132 Et
817 2092 903 2148 ipse
925 2091 1114 2147 proditus
1138 2102 1216 2136 cst,
1247 2100 1288 2132 et
1311 2092 1398 2147 ipse
1419 2105 1492 2146 per

139 2162 360 2204 mulierem
391 2175 474 2202 non
499 2161 635 2217 potuit
658 2177 773 2202 suam
808 2169 950 2203 tenere
968 2161 1184 2218 gratiam⁵.
1217 2161 1347 2216 Cujus
1364 2176 1486 2218 gene-

138 2231 310 2273 rationis
349 2239 392 2272 et
429 2231 521 2272 vitae
552 2230 680 2272 totius
712 2231 863 2272 seriem
898 2232 1102 2274 historico
1144 2232 1346 2288 digestam
1389 2233 1496 2289 stylo

138 2302 431 2342 enarrabimus
454 2302 687 2342 secundum
726 2302 834 2343 sacri
862 2301 959 2343 libri
982 2301 1285 2344 continentiam
1301 2334 1310 2349 ,
1335 2316 1426 2358 quae
1452 2301 1494 2343 in

138 2371 254 2412 hunc
276 2379 339 2412 est
360 2371 558 2418 modum,
584 2385 668 2412 non
699 2372 926 2412 verborum
950 2372 1057 2413 serie
1073 2404 1083 2419 ,
1112 2370 1184 2412 sed
1205 2386 1341 2413 sensu.

194 2441 269 2485 IX.
308 2442 460 2484 Multos
487 2456 564 2499 per
588 2456 718 2484 annos
742 2442 1018 2485 Hebraeorum
1046 2443 1251 2499 populum
1276 2441 1492 2483 subditum

183 2553 192 2567 ¹
228 2544 323 2577 Prov.
341 2555 397 2583 xv,
419 2556 467 2587 ¹7·
486 2563 526 2568 —
544 2554 557 2569 ⁸
587 2544 696 2577 Judic.
723 2556 777 2581 xx,
792 2545 848 2585 44.
874 2565 914 2571 —
940 2547 953 2570 ³
984 2545 1067 2578 Gen.
1088 2555 1192 2582 xxxiv,
1220 2545 1270 2576 25.
1292 2561 1332 2568 —-
1355 2544 1367 2570 ⁴
1395 2543 1494 2576 Num·

141 2608 218 2637 xxv,
236 2598 264 2629 8.
286 2616 326 2624 -—
346 2601 358 2623 ⁵
376 2598 483 2632 Judic.
502 2609 568 2636 nl,
591 2598 638 2637 18,
654 2604 685 2632 et
701 2610 789 2642 seqq.
