1774 3158
390 267 439 292 nn
474 266 565 291 mnu
599 263 962 296 nitsunnssc'rioms,
1002 263 1079 290 Lux.
1121 264 1161 290 11.
1411 249 1463 290 53

128 371 142 391 α
159 353 209 394 Et
231 352 312 394 hoe
334 351 509 392 mortale
535 358 701 406 oportet
730 349 905 390 induere
928 349 1300 399 immortalitatem,
1322 358 1363 392 et
1386 350 1467 392 hoe

118 420 418 477 »corruptibile
451 419 624 460 induere
656 418 1055 475 incorruptionem’.
1089 421 1221 462 »Flos
1255 435 1465 462 resurrec-

118 490 239 531 tionis
258 488 546 531 immortalitas
565 497 642 536 est‚
662 488 738 529 ssos
758 488 1078 529 resurrectionis
1102 489 1360 545 incorruptio
1385 493 1465 531 est.⁴

119 559 232 611 Quid
258 560 368 601 enim
392 559 564 600 uberius
589 558 728 614 quiete
749 558 984 615 perpetua?
1007 559 1106 614 quid
1129 560 1378 616 locupletius
1403 576 1469 601 se-

119 628 296 670 curitate
326 627 556 669 diuturna?
580 628 654 669 llic
677 636 739 669 est
761 628 979 684 multiplex
1000 629 1162 670 fructus
1178 660 1188 678 ,
1223 629 1343 684 cujus
1378 644 1469 685 pro-

120 707 245 741 ventu
270 699 447 755 pullulat
475 697 711 740 soecundior
738 698 960 739 hominum
985 707 1133 740 natura
1154 707 1247 754 post
1268 707 1462 740 mortem.

176 768 256 810 LV.
292 768 376 810 Sed
398 767 561 809 miraris
583 769 941 824 quemadmodum
967 769 1199 826 putrefacta
1219 769 1466 816 solidentur,

120 839 302 897 dispersa
322 842 488 886 co‘eant,
509 847 717 896 assumpta
736 848 1004 896 reparentur3
1032 856 1116 882 non
1141 841 1303 882 miraris
1328 856 1472 897 quem-

120 909 348 950 admodum
373 908 530 950 semiua
561 924 712 966 vapore
734 919 776 952 et
798 925 1040 967 compressu
1074 920 1191 952 terrae
1220 912 1355 951 soluta
1381 910 1475 951 viri-

122 981 307 1021 descant.
336 978 439 1022 Nam
464 979 608 1036 utique
627 980 751 1022 etiam
770 981 856 1038 ipsa
880 990 1047 1023 terreno
1067 982 1222 1023 coalitu
1240 980 1473 1038 putrefacta

121 1051 357 1098 solvuntur,
383 1059 424 1092 et
446 1065 542 1092 cnm
574 1060 783 1094 occaecata
807 1061 848 1094 et
870 1060 1037 1094 mortua
1061 1053 1135 1094 soli
1159 1051 1348 1109 genitalis
1373 1066 1472 1092 suc·

122 1134 194 1161 eus
227 1119 492 1169 animaverit,
522 1123 704 1177 quodam
729 1124 867 1164 calore
891 1123 1003 1164 vitali
1028 1123 1220 1179 spiritum
1247 1123 1474 1178 quemdam

124 1190 264 1233 lierbae
282 1192 495 1234 viridantis
512 1193 719 1234 exhalant.
743 1193 904 1235 Deinde
922 1194 1122 1250 paulatim
1144 1202 1329 1235 teneram
1350 1192 1473 1248 spicae

125 1263 399 1306 adolescentis
428 1273 593 1306 aetatem
628 1266 765 1306 culmo
797 1265 935 1322 erigit,
965 1273 1008 1307 et
1035 1264 1190 1321 vaginis
1220 1264 1473 1321 quibusdam

124 1341 272 1374 natura
305 1342 500 1390 tanquam
527 1335 669 1376 sedula
701 1343 837 1376 mater
864 1335 1065 1382 includit3
1093 1350 1144 1375 ne
1172 1335 1474 1391 pubescentem

125 1404 275 1460 glacies
297 1406 446 1446 adurat
465 1420 623 1462 aspera,
646 1414 771 1462 atque
787 1420 808 1446 a
825 1404 954 1446 nimio
971 1405 1067 1446 solis
1087 1405 1284 1446 defendat
1302 1405 1472 1446 ardore:

127 1474 287 1531 frugem
318 1490 485 1531 quoque
520 1476 651 1532 ipsam
689 1475 827 1517 adhue
855 1475 973 1531 quasi
1006 1475 1149 1532 primis
1182 1481 1477 1531 erumpentem

127 1545 360 1594 cunabulis,
391 1560 489 1587 mox
517 1547 701 1588 adultam
725 1561 776 1587 ne
800 1546 936 1603 pluvia
959 1545 1160 1593 decutiat,
1191 1560 1242 1586 ne
1267 1559 1364 1586 aura
1398 1543 1478 1585 dis·

127 1623 285 1672 pergat,
309 1631 363 1658 ne
382 1616 519 1658 avium
544 1616 755 1658 minorum
771 1631 935 1658 morsus
953 1615 1180 1662 interimat,
1207 1615 1315 1656 vallo
1341 1614 1482 1656 arista-

128 1700 221 1726 rum
243 1686 377 1743 sepire
398 1686 630 1728 consuevit.

184 1755 287 1798 LVI.
325 1757 439 1807 Quid
467 1757 592 1814 igitur
619 1756 782 1798 miraris
805 1757 837 1798 si
859 1757 1078 1806 homines,
1110 1772 1213 1814 quos
1248 1757 1476 1813 acceperit,

131 1818 240 1868 terra
264 1826 480 1876 restituat3
507 1842 604 1868 cum
628 1827 833 1869 seminum
854 1842 1029 1884 corpora
1049 1842 1326 1883 quaecumque
1345 1842 1483 1868 susce-

131 1896 262 1951 perit,
286 1895 484 1946 vivificet‚
512 1898 664 1954 erigat,
694 1898 864 1945 vestiat,
894 1897 1077 1945 muniat,
1105 1906 1229 1953 atque
1254 1895 1480 1938 defendat?

131 1966 281 2008 Desine
318 1983 417 2024 ergo
450 1968 642 2009 dubitare
682 1969 796 2024 quod
834 1968 1072 2025 depositum
1109 1969 1272 2026 generis
1310 1967 1483 2010 humani

134 2046 253 2079 terrae
276 2037 378 2079 fides
402 2039 564 2086 reddat,
592 2054 683 2095 qnae
706 2040 997 2080 commendata
1015 2039 1093 2081 sibi
1116 2039 1275 2081 semina
1293 2039 1484 2081 usurario

135 2109 316 2164 quodam
335 2109 495 2150 foenore
512 2109 787 2165 multiplicata
811 2109 1014 2151 restituat.
1046 2109 1149 2152 Nam
1174 2109 1275 2165 quid
1292 2110 1343 2151 de
1362 2124 1486 2166 gene-

134 2178 248 2220 ribus
279 2180 475 2221 arborum
499 2180 662 2235 loquar,
696 2194 788 2235 quae
820 2179 955 2233 posito
985 2188 1162 2235 surgunt
1194 2181 1245 2222 de
1276 2179 1478 2228 semine2,

136 2250 378 2306 fructusque
402 2251 605 2291 resolutos
630 2249 813 2291 rediviva
841 2250 1113 2292 foecunditate
1143 2251 1417 2299 resuscitant,
1447 2259 1489 2292 et

136 2319 279 2361 sormae
305 2319 434 2362 veteri
456 2328 581 2376 atque
607 2319 778 2377 imagini
802 2335 885 2362 snae
908 2321 1107 2370 reddunt,
1132 2321 1369 2377 multasque
1393 2328 1488 2362 aeta-

139 2398 198 2431 tes
226 2391 416 2445 quaedam
444 2391 643 2432 arborum
675 2404 852 2447 corpora
878 2399 1068 2446 reparata
1099 2391 1412 2437 transmittunt,
1438 2399 1485 2431 ut

139 2459 225 2517 ipsa
242 2460 431 2501 durando
444 2459 612 2502 vineant
630 2462 777 2502 saecula
793 2460 811 2501 Ρ
825 2460 1073 2502 Putrescere
1092 2460 1279 2502 videmus
1297 2459 1481 2506 acinum,

188 2561 195 2576 ¹
216 2563 226 2583 1
241 2552 317 2584 Cor.
331 2563 383 2591 xv,
399 2554 512 2584 55.—²
531 2553 651 2584 Allusio
666 2552 702 2585 fit
717 2552 857 2596 athune
879 2552 998 2594 Virgilii
1015 2563 1135 2584 versum
1149 2552 1232 2585 elib.
1252 2564 1288 2590 ιι,
1308 2551 1358 2591 14,
1374 2550 1491 2593 Georg.

355 2608 436 2639 Pars
449 2613 556 2640 autom
571 2608 670 2649 posito
684 2613 820 2650 surgunt
840 2609 878 2640 de
893 2608 1031 2645 semine,
1049 2613 1109 2640 etc.
