1774 3158
283 237 337 277 00
828 249 858 275 s.
901 249 1089 277 Annaosn

285 324 556 368 crediderunt
577 339 585 365 ε
609 339 705 366 cum
739 324 882 381 utique
915 326 1084 367 alterius
1107 335 1264 368 naturae
1287 327 1444 369 semina
1474 338 1639 371 certum

284 398 338 438 sit
361 396 402 437 in
433 403 625 437 naturam
651 395 753 436 verti
777 397 949 438 alteram
973 397 1229 453 nequivisse,
1260 412 1338 439 nec
1367 406 1533 454 partum
1556 400 1640 441 suis

286 466 521 507 discordem
540 465 694 507 fudisse
710 467 965 514 seminibus;
992 475 1036 508 ut
1058 483 1107 508 ex
1131 476 1327 523 serpente
1348 467 1539 510 homines
1552 484 1646 511 nas·

289 545 507 585 cerentur,
541 546 587 579 ut
609 552 704 579 caro
727 553 777 578 ex
802 537 996 579 dentibus
1020 536 1261 593 gigneretur
1293 553 1300 578 :
1334 547 1492 594 quanto
1515 540 1647 596 magis

290 607 434 662 utique
451 608 710 649 credendum
729 615 806 654 est,
829 621 1106 662 quaecumque
1124 615 1220 648 sunt
1233 608 1455 662 seminata,
1474 609 1514 650 in
1531 624 1649 650 suam

292 687 485 720 naturam
510 693 749 734 resurgere,
771 692 848 718 nec
875 692 896 718 a
920 676 1080 718 satione
1103 692 1174 718 sua
1199 687 1361 734 segetes
1386 674 1623 736 discrepare
1639 712 1649 728 ,

297 764 374 790 nec
416 749 529 790 duris
565 748 732 795 mollia,
774 762 852 789 nec
887 748 1086 789 mollibus
1120 749 1223 789 dura
1255 748 1484 796 viviscere,
1513 764 1587 790 nee
1614 752 1656 790 in

297 820 541 876 sanguinem
569 834 727 860 venena
755 819 970 866 converti3
1000 820 1072 860 sed
1095 833 1265 860 carnem
1292 820 1342 860 de
1361 833 1510 867 earne,
1536 834 1581 860 os
1603 820 1654 861 de

300 891 462 932 ossibus
481 924 490 939 ‚
529 890 776 947 sanguinem
808 889 859 931 de
892 890 1118 946 sanguine,
1156 889 1377 931 humorem
1405 891 1457 932 de
1479 890 1658 932 humore

300 961 496 1019 reparari.
534 960 708 1003 Potestis
745 975 869 1017 erge,
892 960 1090 1017 gentiles,
1124 959 1468 1002 reformationem
1504 976 1659 1018 negare

302 1040 460 1073 naturae
477 1065 488 1081 ‚
517 1031 587 1088 qui
609 1031 887 1073 mutationem
910 1031 1083 1088 potestis
1108 1046 1292 1073 asserere
1313 1030 1330 1072 Ρ
1360 1031 1537 1073 Potestis
1573 1045 1661 1073 non

303 1103 476 1143 credere
498 1102 676 1144 oraculis
693 1135 703 1150 ,
729 1117 815 1143 non
836 1102 1064 1159 Evangelio
1080 1135 1089 1150 ‚
1116 1117 1199 1144 non
1226 1102 1482 1160 prophetiis,
1507 1101 1577 1158 qui
1602 1101 1662 1142 sa-

300 1174 410 1215 bulis
428 1173 624 1214 inanibus
643 1171 848 1214 creditis?

366 1243 520 1286 LXXI.
557 1244 640 1285 Sed
659 1243 744 1300 jam
765 1243 902 1300 ipsum
928 1243 1147 1285 audiamus
1166 1243 1440 1300 Prophetaun
1467 1243 1526 1285 sic
1547 1242 1663 1285 enim

308 1316 364 1358 ait
391 1331 432 1357 :a
456 1316 507 1358 Et
524 1315 634 1358 facta
657 1324 719 1358 est
744 1330 870 1372 super
890 1330 958 1357 me
980 1330 1131 1358 manus
1155 1315 1349 1363 Domini,
1369 1324 1410 1357 et
1431 1315 1577 1358 eduxit
1597 1330 1668 1356 me

310 1386 378 1427 »in
404 1386 553 1443 spiritu
579 1386 810 1435 Dominus,
840 1394 882 1428 et
915 1387 1054 1442 posuit
1086 1402 1154 1429 me
1181 1387 1220 1427 in
1254 1386 1394 1427 medio
1424 1401 1600 1442 campo,
1628 1393 1670 1426 et

309 1476 324 1496 n
339 1458 407 1499 hie
427 1466 516 1499 erat
533 1459 681 1514 plenus
701 1457 864 1499 ossibus
887 1456 1084 1499 humanis
1105 1474 1113 1498 :
1134 1466 1176 1500 et
1198 1457 1486 1499 circumduxit
1507 1472 1575 1498 me
1597 1471 1672 1514 per

311 1544 489 1586 »gyrum
512 1544 658 1570 eorum
675 1561 685 1578 ,
710 1536 751 1570 et
779 1542 878 1570 ecce
902 1543 994 1570 ossa
1018 1530 1148 1570 multa
1176 1529 1296 1570 valde
1314 1528 1356 1570 in
1378 1528 1484 1570 faeie
1508 1528 1670 1585 eampi,

312 1600 457 1642 »arida
484 1600 619 1641 nimis.
648 1600 699 1641 Et
724 1599 779 1640 ait
807 1600 859 1640 ad
881 1613 949 1640 me
975 1614 983 1640 :
1008 1599 1087 1641 Fili
1109 1599 1316 1652 hominis,
1357 1599 1389 1640 si
1422 1599 1563 1641 vivent
1585 1612 1675 1640 ossa

313 1669 417 1712 »ista
433 1670 450 1711 P
469 1671 520 1712 Et
543 1670 626 1712 dixi
653 1685 661 1712 ε
688 1670 885 1718 Domine,
904 1679 946 1712 tu
971 1671 1063 1712 scis.
1086 1671 1139 1712 Et
1160 1670 1216 1711 ait
1241 1671 1289 1711 ad
1305 1684 1373 1711 me
1399 1668 1677 1727 :Prophetiza

312 1751 468 1796 >isuper
497 1755 587 1781 ossa
619 1740 720 1788 ista,
755 1749 796 1782 et
831 1740 945 1782 dices
967 1740 1046 1782 illis
1070 1756 1078 1782 :
1105 1740 1208 1782 Ossa
1237 1739 1352 1781 arida
1386 1739 1500 1787 haec,
1537 1739 1678 1781 audite

318 1830 333 1850 »
350 1812 524 1853 verbum
542 1811 724 1853 Domini.
751 1812 849 1853 Haee
884 1811 985 1853 dicit
1005 1810 1210 1853 Dominus
1229 1810 1392 1852 ossibus
1415 1810 1502 1852 istis
1534 1825 1542 1851 :
1569 1810 1681 1851 Ecce

319 1883 592 1939 »egoindueo
608 1883 647 1923 in
663 1897 733 1924 vos
757 1882 948 1939 spiritum
973 1882 1081 1929 vitae,
1109 1889 1150 1923 et
1173 1881 1281 1922 dabo
1305 1881 1346 1922 in
1371 1896 1440 1922 vos
1453 1888 1682 1929 nervos,et

322 1955 559 1996 »adducam
580 1968 789 2010 supervos
805 1954 1033 2002 viscera,et
1045 1952 1267 1994 extendam
1291 1967 1414 2009 super
1428 1967 1498 1993 vos
1521 1959 1679 1999 cutem,

325 2034 395 2067 »et
414 2025 522 2067 dabo
539 2025 743 2081 Spiritum
765 2039 908 2066 meum
932 2024 973 2065 in
991 2039 1086 2072 vos3
1107 2033 1148 2065 et
1164 2023 1307 2065 vivetis
1324 2056 1333 2071 ,
1357 2031 1395 2064 et
1415 2022 1553 2064 scietis
1571 2022 1687 2079 qued

326 2110 431 2151 »ego
462 2110 555 2136 sum
579 2094 802 2137 Dominus,
831 2095 883 2136 Et
909 2094 1158 2152 prophetavi
1189 2094 1296 2135 sicut
1328 2094 1541 2135 mandavit
1563 2091 1680 2134 mihi.

329 2166 410 2208 »Et
435 2166 591 2207 sactum
610 2175 673 2208 est
694 2180 791 2208 cum
815 2166 1114 2223 prophetarem
1136 2165 1224 2207 haec
1244 2165 1382 2207 omnia
1398 2197 1409 2214 ,
1429 2179 1529 2207 ecce
1554 2164 1688 2207 sactus

329 2255 346 2276 ι
361 2245 421 2278 est
441 2244 560 2278 terrae
584 2243 723 2277 motus
742 2236 962 2292 magnus'.
979 2255 993 2274 »

388 2307 562 2350 LXXII.
603 2307 706 2349 Vide
730 2322 843 2349 nune
868 2307 1226 2363 quemadmodum
1250 2314 1291 2348 et
1314 2304 1504 2347 auditum
1530 2303 1572 2345 in
1593 2302 1692 2346 ossi·

333 2379 441 2427 bus,
474 2387 515 2419 et
547 2387 710 2420 motum
740 2378 856 2435 prius
890 2377 1083 2420 ostendat
1112 2392 1223 2424 esse,
1251 2392 1376 2433 quam
1408 2376 1501 2417 vitae
1524 2375 1692 2432 spiritus

333 2450 598 2491 refundatur.
642 2449 746 2491 Nam
783 2458 824 2491 et
861 2464 987 2507 supra
1019 2464 1110 2490 ossa
1145 2448 1257 2489 arida
1281 2447 1485 2503 jubentur
1517 2446 1661 2488 audire
1682 2478 1692 2494 ,

337 2520 453 2580 quasi
476 2535 645 2562 sensum
675 2520 859 2562 habeant
881 2520 1076 2563 audiendi
1102 2535 1111 2561 :
1136 2528 1178 2562 et
1203 2519 1271 2562 hic
1300 2518 1523 2562 accessisse
1545 2532 1694 2560 eorum

386 2613 393 2627 ¹
415 2603 530 2635 Ezech.
552 2613 677 2641 xxxvii,
698 2615 723 2639 1,
742 2607 773 2635 et
790 2613 880 2645 seqq.
