1774 3158
476 309 760 340 emsa-omnum
792 308 951 338 cussis
983 308 1010 336 1.
1353 291 1440 347 439

93 390 220 432 ritum
247 388 339 432 Dei.
370 387 487 431 Adeo
511 397 574 430 est
601 387 710 430 filius
732 386 833 434 Dei,
868 394 915 428 ut
938 400 1024 428 non
1047 385 1225 442 accipiat
1247 382 1441 441 spiritum

94 461 303 503 servitutis
318 492 327 507 ,
351 460 425 501 sed
445 460 637 516 spiritum
659 456 893 515 adoptionis
917 455 1100 498 filiorum
1119 472 1130 504 ;
1161 470 1212 497 eo
1233 469 1369 511 usque
1396 461 1444 495 ut

93 529 380 571 testimonium
403 529 566 586 spiritui
589 535 732 571 nostro
755 528 922 569 sanctus
945 527 1124 584 Spiritus
1151 526 1300 568 reddat
1331 524 1446 580 quod

94 615 236 641 sumus
273 599 346 641 filii
387 599 475 641 Dei.
513 598 818 641 Testimonium
856 605 996 639 autem
1026 596 1108 638 hoc
1153 604 1215 637 est
1260 594 1442 651 Spiritus

93 671 225 713 sancti
242 704 252 718 ‚
290 671 403 727 quod
436 671 524 727 ipse
547 678 608 712 est
637 669 707 726 qui
743 669 895 710 clamat
934 667 975 708 in
1014 666 1213 708 cordibus
1236 665 1389 707 nostris
1427 678 1437 706 z
1482 719 1484 724 Α

103 741 252 782 «Abba
274 740 434 798 pater¹,
452 758 467 778 »
490 741 599 782 sicut
627 741 677 782 ad
698 739 863 781 Galatas
890 737 1093 794 scriptum
1117 745 1191 778 est.
1221 735 1304 777 Sed
1328 744 1369 777 et
1391 736 1445 776 il-

91 813 164 854 lud
186 812 342 868 grande
357 811 646 853 testimonium
665 798 778 866 quod
799 808 873 850 filii
896 823 1039 850 sumus
1060 807 1163 855 Dei3
1183 807 1279 863 quia
1298 819 1442 847 sumus

93 881 278 922 haeredes
301 880 377 922 Dei
396 913 406 927 ‚
432 881 672 922 cohaeredes
698 887 837 921 autem
861 876 1043 919 Christi²
1063 892 1072 918 ε
1092 875 1277 918 cohaeres
1302 884 1446 917 autem

36 983 40 987 .
91 959 154 992 est
174 950 263 1006 ejus
287 950 356 1006 qui
387 949 730 1007 conglorificatur
751 949 789 990 ei
814 964 823 990 ε
851 946 1198 1006 conglorificatur
1226 961 1327 988 vero
1354 945 1440 993 illi,

91 1021 160 1075 qui
185 1020 381 1076 patiendo
405 1035 481 1077 pro
509 1021 598 1077 ipso
615 1052 626 1070 ,
660 1019 916 1076 compatitur
936 1018 988 1060 ei.

148 1089 197 1131 V.
237 1091 289 1131 Et
325 1098 371 1131 ut
402 1105 477 1132 nos
507 1090 702 1132 hortetur
738 1091 789 1131 ad
817 1089 1081 1146 passionem,
1121 1085 1313 1144 adjungit
1348 1084 1444 1141 quia

91 1160 230 1201 omnia
253 1175 343 1216 quae
360 1161 565 1218 patimur,
585 1161 749 1202 minora
774 1168 872 1202 sunt
894 1167 936 1201 et
965 1159 1136 1216 indigna
1160 1170 1340 1214 quorum
1366 1168 1443 1212 pro

90 1230 305 1272 laboribus
329 1239 441 1272 tanta
464 1231 722 1289 rependatur
744 1230 985 1272 futurorum
1013 1243 1176 1270 merces
1205 1228 1416 1269 bonorum
1433 1258 1444 1272 ,

91 1315 182 1355 quae
205 1300 459 1342 revelabitur
475 1301 516 1342 in
534 1301 680 1348 nobis3
705 1315 802 1343 cum
821 1301 871 1342 ad
890 1299 1205 1356 Deiimaginem
1226 1294 1443 1339 reformati

91 1369 264 1425 gloriam
288 1370 378 1426 ejus
405 1370 512 1412 facie
537 1372 587 1412 ad
611 1371 760 1412 faciem
785 1371 970 1427 aspicere
988 1367 1311 1411 meruerimus³.

150 1439 216 1480 VI.
255 1440 304 1480 Et
321 1448 367 1480 ut
385 1441 717 1496 magnitudinem
733 1439 998 1481 revelationis
1015 1439 1165 1481 futurae
1190 1437 1410 1480 extolleret
1430 1469 1440 1484 ,

90 1508 251 1551 addidit
275 1512 390 1566 quod
413 1519 453 1552 et
482 1519 676 1553 creatura
698 1511 809 1552 hanc
840 1510 1140 1552 revelationem
1169 1516 1360 1566 expectet
1392 1507 1444 1548 fi-

87 1580 241 1622 liorum
267 1581 340 1622 Dei
358 1614 368 1627 ‚
401 1596 492 1637 quae
524 1596 638 1623 nunc
662 1581 836 1623 vanitati
859 1581 1049 1637 subjecta
1072 1589 1133 1622 est
1154 1595 1238 1621 non
1263 1587 1412 1636 sponte
1432 1611 1441 1624 ‚

89 1650 162 1690 sed
183 1649 223 1690 in
248 1665 342 1706 spe3
368 1651 464 1706 quia
484 1660 622 1707 sperat
645 1651 696 1693 de
720 1651 888 1693 Christo
912 1651 1087 1708 gratiam
1109 1649 1329 1692 ministerii
1351 1648 1439 1689 sui:

88 1721 155 1761 vel
171 1719 267 1775 quia
289 1728 331 1762 et
353 1720 439 1777 ipsa
462 1720 715 1763 liberabitur
754 1737 775 1763 a
815 1722 1017 1763 servitute
1054 1719 1358 1777 corruptionis3
1397 1725 1444 1759 ut

90 1798 327 1831 assumatur
353 1790 395 1831 in
421 1790 660 1832 libertatem
690 1791 832 1848 gloriae
868 1791 1052 1833 filiorum
1080 1791 1157 1833 Dei
1174 1823 1183 1838 ,
1210 1799 1257 1832 ut
1279 1789 1330 1831 sit
1356 1804 1438 1830 una

87 1858 258 1900 libertas
280 1867 507 1908 creaturae,
538 1869 580 1902 et
600 1859 783 1902 filiorum
811 1861 917 1910 Dei,
958 1875 1073 1902 cum*
1092 1860 1271 1902 revelata
1309 1857 1436 1899 fuerit

88 1943 235 1971 eorum
259 1930 403 1986 gloria.
432 1930 590 1974 Verum
608 1946 722 1974 nunc
744 1932 844 1974 dum
864 1931 1063 1974 revelatio
1086 1929 1438 1989 procrastinatur,

90 2000 365 2058 congemiscit
387 2002 522 2044 omnis
554 2011 747 2045 creatura
771 2011 999 2060 expectans
1024 2001 1260 2059 adoptionis
1299 2009 1339 2043 et
1373 2015 1441 2042 re-

91 2070 345 2128 demptionis
358 2079 509 2114 nostrae
527 2073 718 2130 gloriam,
736 2074 974 2131 parturiens
997 2074 1083 2131 jam
1107 2075 1224 2115 illum
1248 2072 1443 2131 spiritum

92 2141 260 2190 salutis,
283 2149 325 2183 et
347 2143 491 2204 volens
512 2143 683 2185 liberari
715 2159 736 2186 a
756 2145 951 2186 vanitatis
975 2144 1156 2186 servitio.

151 2209 241 2252 VII.
258 2211 335 2252 Cui
350 2210 571 2268 conjunxit
583 2213 811 2271 Apostolus
822 2214 948 2256 etiam
961 2223 1203 2256 sanctorum
1222 2212 1446 2270 gemitum,

93 2280 164 2337 qui
189 2280 349 2322 habent
370 2281 574 2339 primitias
600 2283 805 2341 Spiritus;
839 2299 937 2326 nam
972 2293 1015 2326 et
1038 2284 1115 2342 ipsi
1146 2283 1440 2341 ingemiscunt.

94 2350 296 2402 Quamvis
317 2351 429 2393 enim
455 2353 506 2394 de
529 2368 604 2395 suo
633 2355 785 2396 merito
809 2355 948 2397 securi
973 2355 1080 2404 sint,
1106 2364 1245 2396 tamen
1268 2354 1362 2410 quia
1388 2353 1454 2394 su-

93 2427 187 2462 tura
209 2430 272 2463 est
294 2422 432 2464 adhuc
455 2424 691 2481 redemptio
714 2425 842 2467 totius
872 2426 1066 2484 corporis
1090 2425 1289 2467 Ecclesiae
1305 2458 1314 2472 ,
1339 2438 1451 2465 com-

93 2490 322 2548 patiuntur.
353 2491 462 2536 Cum
493 2493 607 2536 enim
633 2495 771 2538 adhuc
795 2496 987 2538 membra
1016 2495 1235 2554 patiuntur
1259 2493 1445 2550 corporis

142 2618 151 2633 ¹
172 2608 282 2642 Galat.
299 2619 342 2646 iv,
355 2609 386 2641 6.
401 2627 440 2636 -
456 2618 469 2634 ⁸
486 2611 582 2646 Rom.
599 2622 669 2649 vm,
693 2613 740 2650 16,
758 2618 789 2646 et
805 2624 895 2657 seqq.
921 2631 959 2639 —
978 2613 1093 2646 ³1bid.
1114 2612 1161 2643 18.
