1774 3158
302 192 385 242 432
856 205 889 233 s.
928 205 1121 233 AMBnosn

351 293 442 336 VII.
478 293 788 351 primogenitus
810 294 950 352 itaque
978 294 1233 339 haereditatis
1255 294 1418 352 accepit
1435 310 1646 354 praeroga-

299 365 442 414 tivam,
464 365 629 407 dicente
656 364 870 423 Scriptura
896 382 905 408 :
940 384 956 404 α
978 366 1056 408 Hic
1077 375 1140 408 est
1155 366 1319 408 initium
1339 365 1521 410 filiorum
1543 368 1652 423 ejus,

298 457 313 473 υ
329 445 370 478 et
393 435 492 477 hnic
519 436 728 478 debentur
757 436 1090 494 primogenitalia
1111 436 1141 478 ¹.
1175 455 1190 474 ι»
1213 437 1247 478 Α
1278 436 1557 495 primogenito
1580 439 1659 495 igi-

297 515 367 548 tur
391 506 466 547 Dei
493 506 598 549 Filio
639 501 907 564 primogeniti
944 507 1102 555 sancti,
1135 515 1177 549 et
1199 507 1250 548 ab
1280 507 1351 549 illo
1377 507 1495 550 initio
1531 509 1657 565 (quia

300 578 388 634 ipse
417 585 480 619 est
509 577 674 619 initium
696 585 738 619 et
759 577 853 620 finis
876 577 940 634 ²,)
967 578 1133 620 initium
1171 586 1338 619 sanctus
1369 589 1656 636 nuncupatur,

301 648 468 690 initium
492 648 624 697 filius',
652 648 720 690 cui
747 649 926 691 debetur
951 648 1233 706 primitiarum
1262 649 1531 706 praerogativa
1549 683 1558 697 ,
1593 666 1661 692 se-

302 721 490 762 cundum
515 720 620 762 illud
646 721 697 762 ad
727 720 940 762 Abraham
969 720 1127 762 dictum
1156 735 1166 761 ε
1198 738 1212 758 α
1241 719 1357 776 Ejice
1379 719 1599 768 ancillam,
1619 729 1660 762 et

302 789 466 832 »filium
489 789 601 844 ejus3
626 805 710 832 non
732 791 845 832 enim
872 790 1003 832 haeres
1031 790 1110 832 erit
1137 788 1245 832 filius
1270 789 1430 832 ancillae
1454 804 1551 833 cum
1574 789 1661 833 filio

304 876 429 903 »meo
451 861 565 903 Isaac
580 859 608 903 ³.
627 879 642 900 n

359 931 468 974 VIII.
506 932 634 983 Quod
656 931 786 987 magis
804 932 856 974 ad
876 931 1164 973 haereditatem
1185 931 1388 974 virtutum
1408 966 1418 981 ‚
1442 947 1568 989 quam
1591 924 1661 989 p'e-

306 1002 440 1045 cuniae
461 1009 652 1058 spectare
676 1001 818 1043 divino
845 1003 1018 1043 oraculo
1050 1002 1226 1043 docetur
1256 1001 1422 1045 dicente
1442 1002 1626 1044 Domino
1649 1017 1658 1043 ε

318 1091 334 1110 α
357 1072 509 1114 Omnia
533 1086 812 1128 quaecumque
835 1071 911 1113 tihi
935 1071 1084 1113 dixerit
1106 1070 1245 1120 Sarra,
1265 1072 1360 1115 audi
1379 1087 1523 1115 vocem
1543 1070 1660 1128 ejus3

304 1142 535 1199 »quoniam
575 1142 615 1183 in
652 1142 768 1184 Isaac
800 1142 1020 1185 vocabitur
1054 1141 1130 1184 tibi
1169 1142 1360 1185 semen&
1390 1163 1403 1181 n
1441 1142 1546 1194 Quae
1574 1149 1664 1183 erat

306 1213 383 1255 alia
412 1213 452 1254 in
486 1213 626 1260 Isaac.
657 1212 734 1254 nisi
763 1212 996 1255 sanctitatis
1024 1203 1392 1270 haereditasssquae
1421 1212 1666 1255 nobilitaret

305 1284 500 1341 patrem?
528 1284 580 1326 Et
613 1282 747 1325 filium
778 1283 948 1341 quidem
980 1283 1140 1325 ancillae
1173 1299 1300 1341 super
1335 1284 1526 1326 nationes
1559 1298 1665 1341 prae-

305 1355 403 1396 fecit
424 1386 434 1400 .
474 1353 592 1410 quasi
631 1353 779 1411 simpla
818 1354 1037 1396 conserens
1076 1354 1317 1411 patrimonii
1353 1369 1363 1395 t
1404 1353 1491 1396 filio
1526 1361 1665 1395 autem

305 1424 440 1467 Sarrae
462 1425 585 1481 dupla
611 1424 752 1473 dedit,
775 1424 843 1466 eui
879 1439 963 1466 non
987 1426 1122 1466 solum
1149 1425 1419 1481 temporalia,
1442 1426 1515 1467 sed
1536 1425 1664 1466 etiam

308 1511 489 1553 superna
512 1504 553 1537 et
575 1503 778 1552 perpetua
802 1497 953 1538 collata
977 1505 1086 1538 sunt.
1110 1495 1233 1545 Vale,
1257 1505 1298 1539 et
1314 1512 1390 1538 nos
1410 1496 1548 1554 dilige,
1569 1496 1666 1553 quia

310 1581 384 1608 nos
413 1574 452 1608 te
475 1566 700 1622 diligimus.

357 1674 366 1689 ¹
386 1667 483 1699 Dent.
502 1678 568 1704 xxi,
591 1667 638 1700 18.
656 1685 697 1691 -
713 1674 729 1692 ⁸
751 1668 854 1710 Apoc.
874 1679 896 1707 1,
916 1667 948 1701 8.
968 1687 1007 1693 ——
1026 1670 1040 1693 ³
1065 1669 1355 1710 G‹³n.xx1,1o.-—
1372 1669 1559 1704 ⁴1bid.12.
