1774 3158
345 271 394 296 ΒΕ
428 270 519 296 1·’11)Ε
553 266 915 300 RESURRECTIONIS,
955 269 1027 295 Llss.
1069 270 1110 296 Η.
1356 257 1402 304 [Η

131 345 247 387 XXI,
286 344 449 387 Scimus
481 353 617 386 tamen
644 345 753 400 quod
783 344 949 400 corpori
982 346 1238 400 supervivat,
1265 353 1306 387 et
1334 361 1404 394 ea,

76 415 160 471 jam
193 416 386 472 depositis
426 416 582 472 proprii
618 430 762 456 sensus
792 415 1000 470 repagulis
1027 417 1217 471 expedita
1242 450 1251 464 ‚
1283 416 1414 457 libero

77 493 220 526 cernat
243 486 410 533 obtutu,
431 500 520 540 quae
535 493 630 526 ante
649 483 724 525 sita
742 484 782 525 in
797 499 973 540 corpore
990 499 1072 524 non
1090 486 1267 527 videbat.
1292 487 1418 537 Quod

77 555 269 610 exemplo
293 554 593 595 dormientium
619 568 840 610 possumus
857 553 1060 594 aestimarc
1082 555 1274 610 (quornm
1294 556 1420 597 animi

74 625 187 665 velut
210 626 373 680 sepulto
404 624 532 679 quieti
565 638 765 680 corpore,
794 625 844 665 ad
874 624 1016 665 altiora
1042 640 1084 665 se
1107 625 1349 681 subrigunt,
1379 634 1420 666 ct

76 693 318 734 renuntiant
332 693 513 748 corpori)
533 708 674 734 rerum
691 692 943 740 absentium,
964 694 1028 734 vel
1045 694 1170 734 etiam
1188 693 1419 734 coelestium

76 761 267 802 visiones.
297 761 404 818 Ergo
427 761 459 802 si
478 776 590 803 mors
608 763 744 803 carnis
758 777 810 804 ex
827 763 966 804 saeculi
985 778 1059 803 nos
1078 763 1252 804 absolvit
1273 778 1421 803 aerum·

75 831 137 872 nis
153 863 161 878 ‚
189 831 333 887 utique
360 833 518 872 malum
541 847 625 873 non
642 840 726 881 est,
757 847 848 888 quae
867 831 1103 874 libertatem
1127 832 1330 879 restituit,
1359 847 1423 873 cx-

79 902 207 943 cludit
239 904 446 957 dolorem.

136 972 279 1014 XXII.
317 973 423 1015 Hinc
453 975 578 1031 igitur
610 974 729 1015 nobis
757 973 1009 1015 adoriendus
1043 973 1281 1030 disputandi
1310 975 1426 1018 locus

80 1050 259 1082 mortem
297 1044 455 1084 malum
490 1059 574 1085 non
604 1058 719 1093 esse;
755 1043 850 1099 qnia
885 1058 1168 1084 aerumnarum
1210 1044 1422 1093 omnium,

80 1111 370 1167 malorumque
395 1112 628 1169 perfugium
654 1122 740 1160 est,
774 1121 815 1154 et
837 1112 918 1154 fida
942 1113 1064 1155 statio
1093 1113 1353 1161 securitatis,
1381 1129 1426 1155 ac

81 1191 225 1237 portus
248 1183 412 1238 quietis.
444 1183 549 1225 Nam
580 1183 681 1239 quid
708 1183 749 1224 in
771 1183 848 1224 hac
880 1183 961 1224 vita
985 1198 1068 1224 non
1094 1184 1332 1239 experimur
1354 1185 1428 1225 ad-

81 1252 214 1292 versi?
242 1252 355 1303 Quas
383 1268 466 1294 non
493 1254 724 1310 procellas,
760 1261 1113 1309 tempestatesque
1141 1253 1428 1309 perpetimur?

82 1322 233 1377 quibus
257 1337 341 1362 non
369 1323 628 1378 exagitamur
650 1322 962 1364 incommodis?
983 1322 1105 1378 cujus
1129 1323 1316 1378 parcitur
1344 1337 1426 1363 me-

83 1390 204 1431 ritis?

140 1460 298 1502 XXIII.
337 1460 512 1503 Sanctus
537 1461 772 1518 patriarcha
795 1462 920 1503 Israel
941 1462 1143 1518 profugus
1168 1461 1298 1518 patria
1320 1495 1330 1509 ‚
1355 1462 1431 1503 sra-

83 1538 168 1577 tre,
204 1531 472 1587 parentibus,
507 1533 679 1573 domum
708 1532 884 1573 mutavit
904 1532 1063 1578 exilio',
1091 1540 1284 1589 stuprum
1308 1531 1401 1573 filiae
1420 1565 1428 1579 ‚

82 1601 223 1656 generi
251 1616 397 1643 necem
418 1601 572 1649 sscvit2,
595 1602 747 1643 famem
765 1602 952 1657 pertulit,
977 1603 1234 1658 sepulturam
1266 1601 1434 1643 defunc·

85 1677 149 1710 tus
177 1670 334 1719 amisit3
360 1671 572 1712 transferri
598 1672 707 1712 enim
732 1686 821 1712 ossa
846 1686 940 1719 sua,
969 1686 1021 1712 ne
1053 1672 1117 1712 vel
1146 1679 1334 1712 mortuus
1371 1686 1430 1711 rc-

84 1741 349 1796 quiesceret,
376 1741 653 1783 obsecravit³.

143 1811 297 1854 XXIV.
337 1811 517 1854 Sanctus
537 1812 697 1869 Joseph
726 1813 820 1854 odia
845 1812 1059 1860 fratrum⁶,
1087 1811 1254 1853 insidias
1276 1811 1433 1852 invido—

84 1897 176 1922 rum
197 1914 207 1929 ,
239 1883 502 1924 servulorum
535 1883 736 1939 obsequia
759 1916 768 1931 ‚
803 1891 1086 1925 mercatorum
1123 1882 1321 1939 imperia,
1355 1882 1433 1922 do-

85 1951 208 1992 miuae
234 1952 508 2008 petulantiam
529 1985 540 2000 ‚
564 1953 703 1994 mariti
727 1952 933 1994 inscitiam
951 1985 961 2001 ,
986 1953 1163 1994 carceris
1187 1967 1352 2008 qnoque
1376 1960 1438 1994 est

86 2030 280 2077 expertus
296 2021 549 2063 aerumnam⁵
561 2054 569 2063 .

142 2090 276 2132 XXV.
316 2091 493 2133 Sanctus
523 2093 656 2135 David
679 2092 784 2134 filios
809 2092 947 2133 amisit
973 2090 1122 2132 duos⁰z
1145 2106 1275 2132 unum
1301 2089 1432 2132 inces-

87 2169 192 2209 tum,
216 2163 392 2204 alterum
414 2163 683 2220 parricidam.
709 2163 796 2204 Hos
817 2162 1018 2204 habuisse
1038 2161 1210 2219 pudoris
1228 2169 1306 2209 est,
1327 2162 1439 2202 dolo-

86 2231 141 2272 ris
161 2239 223 2273 est
254 2232 495 2289 perdidisse.
523 2233 672 2274 Amisit
695 2241 736 2274 et
759 2232 931 2274 tertium
949 2264 958 2278 ‚
984 2247 1108 2288 quem
1130 2231 1319 2279 amabat,
1344 2246 1436 2288 par·

87 2301 275 2342 vulum⁷.
321 2303 443 2344 Hunc
488 2303 695 2344 viventem
735 2302 873 2343 adhuc
906 2301 1020 2343 flevit
1041 2334 1052 2350 ,
1098 2308 1313 2341 mortuum
1351 2315 1435 2341 uon

89 2370 352 2414 desideravit.
380 2372 449 2415 Sic
466 2373 579 2414 enim
600 2372 777 2430 legimus
794 2371 908 2428 quod
928 2378 1158 2428 aegrotante
1179 2384 1333 2426 puero,
1353 2371 1427 2411 de-

136 2491 144 2504 ¹
166 2482 247 2513 Gen.
270 2494 388 2521 Ινωινιιι,
408 2486 439 2516 5.
465 2502 505 2508 —
524 2496 536 2509 ²
566 2484 618 2517 Id.
646 2494 756 2519 xxxiv,
781 2495 809 2515 2.
826 2501 867 2508 —
894 2483 974 2524 ³1d2
993 2493 1080 2520 uix,
1100 2483 1133 2513 5.
1154 2499 1193 2505 —
1211 2480 1292 2511 ⁴1d.
1313 2489 1434 2515 xxxvii,

88 2535 122 2572 4,
140 2540 173 2567 et
187 2547 275 2579 seqq.
294 2556 333 2562 —-
352 2540 364 2560 ⁵
385 2539 437 2571 Id.
464 2550 571 2574 xxxix,
605 2550 653 2575 η,
681 2544 712 2572 et
738 2548 829 2581 seqq.
855 2556 895 2562 —
926 2538 940 2559 ⁶
968 2549 984 2569 2
1011 2538 1091 2578 Reg,
1113 2546 1187 2576 xm,
1218 2546 1267 2581 ²9·
1295 2553 1332 2557 -
1353 2539 1364 2558 ⁷
1386 2532 1435 2563 ld-

91 2598 182 2625 uni,
205 2591 254 2627 14.
