<?xml version="1.0" encoding="UTF-8"?>
<!DOCTYPE html PUBLIC "-//W3C//DTD XHTML 1.0 Transitional//EN"
    "http://www.w3.org/TR/xhtml1/DTD/xhtml1-transitional.dtd">
<html xmlns="http://www.w3.org/1999/xhtml" xml:lang="en" lang="en">
 <head>
  <title>
</title>
<meta http-equiv="Content-Type" content="text/html;charset=utf-8" />
  <meta name='ocr-system' content='tesseract 3.04.00' />
  <meta name='ocr-capabilities' content='ocr_page ocr_carea ocr_par ocr_line ocrx_word'/>
</head>
<body>
  <div class='ocr_page' id='page_1' title='image "./omniaequaeextant08ambruoft_0027.png"; bbox 0 0 1774 3158; ppageno 0'>
   <div class='ocr_carea' id='block_1_1' title="bbox 295 172 1445 223">
    <p class='ocr_par' dir='ltr' id='par_1_1' title="bbox 295 172 1445 223">
     <span class='ocr_line' id='line_1_1' title="bbox 295 172 1445 223; baseline 0.006 -23"><span class='ocrx_word' id='word_1_1' title='bbox 295 173 347 201; x_wconf 88' lang='lat' dir='ltr'><strong>DE</strong></span> <span class='ocrx_word' id='word_1_2' title='bbox 380 172 550 201; x_wconf 71' lang='lat' dir='ltr'><strong>Excessu</strong></span> <span class='ocrx_word' id='word_1_3' title='bbox 584 173 756 201; x_wconf 75' lang='lat' dir='ltr'>FRATRIS</span> <span class='ocrx_word' id='word_1_4' title='bbox 789 174 852 202; x_wconf 79' lang='lat'><strong>5151</strong></span> <span class='ocrx_word' id='word_1_5' title='bbox 885 176 1050 211; x_wconf 71' lang='lat' dir='ltr'><strong>SATYRI,</strong></span> <span class='ocrx_word' id='word_1_6' title='bbox 1088 178 1166 205; x_wconf 84' lang='lat' dir='ltr'>LIB.</span> <span class='ocrx_word' id='word_1_7' title='bbox 1206 179 1233 205; x_wconf 88' lang='lat'><strong>1.</strong></span> <span class='ocrx_word' id='word_1_8' title='bbox 1396 181 1445 223; x_wconf 69' lang='lat'><strong>19</strong></span> 
     </span>
    </p>
   </div>
   <div class='ocr_carea' id='block_1_2' title="bbox 102 248 1463 2605">
    <p class='ocr_par' dir='ltr' id='par_1_2' title="bbox 102 248 1450 517">
     <span class='ocr_line' id='line_1_2' title="bbox 104 248 1447 304; baseline 0.007 -15"><span class='ocrx_word' id='word_1_9' title='bbox 104 248 306 304; x_wconf 87' lang='lat' dir='ltr'><strong>Quisjam</strong></span> <span class='ocrx_word' id='word_1_10' title='bbox 327 257 523 291; x_wconf 86' lang='lat' dir='ltr'><strong>moestum</strong></span> <span class='ocrx_word' id='word_1_11' title='bbox 542 249 775 291; x_wconf 76' lang='lat' dir='ltr'>solabitur?</span> <span class='ocrx_word' id='word_1_12' title='bbox 795 250 898 301; x_wconf 88' lang='lat' dir='ltr'><strong>Quis</strong></span> <span class='ocrx_word' id='word_1_13' title='bbox 918 252 1117 294; x_wconf 84' lang='lat' dir='ltr'><strong>afflictum</strong></span> <span class='ocrx_word' id='word_1_14' title='bbox 1141 255 1322 297; x_wconf 73' lang='lat' dir='ltr'><strong>levabit?</strong></span> <span class='ocrx_word' id='word_1_15' title='bbox 1341 256 1447 298; x_wconf 86' lang='lat' dir='ltr'><strong>Cum</strong></span> 
     </span>
     <span class='ocr_line' id='line_1_3' title="bbox 102 320 1450 376; baseline 0.007 -16"><span class='ocrx_word' id='word_1_16' title='bbox 102 334 183 374; x_wconf 88' lang='lat' dir='ltr'><strong>quo</strong></span> <span class='ocrx_word' id='word_1_17' title='bbox 207 320 465 376; x_wconf 82' lang='lat' dir='ltr'>participabo</span> <span class='ocrx_word' id='word_1_18' title='bbox 489 320 641 362; x_wconf 74' lang='lat' dir='ltr'><strong>curas?</strong></span> <span class='ocrx_word' id='word_1_19' title='bbox 666 320 770 371; x_wconf 86' lang='lat' dir='ltr'><strong>Quis</strong></span> <span class='ocrx_word' id='word_1_20' title='bbox 792 336 860 362; x_wconf 89' lang='lat' dir='ltr'><strong>me</strong></span> <span class='ocrx_word' id='word_1_21' title='bbox 883 322 933 363; x_wconf 81' lang='lat' dir='ltr'><strong>ab</strong></span> <span class='ocrx_word' id='word_1_22' title='bbox 959 323 1074 365; x_wconf 85' lang='lat' dir='ltr'><strong>istius</strong></span> <span class='ocrx_word' id='word_1_23' title='bbox 1098 326 1243 367; x_wconf 88' lang='lat' dir='ltr'><strong>mundi</strong></span> <span class='ocrx_word' id='word_1_24' title='bbox 1272 327 1450 369; x_wconf 85' lang='lat' dir='ltr'><strong>vindica-</strong></span> 
     </span>
     <span class='ocr_line' id='line_1_4' title="bbox 104 388 1448 447; baseline 0.007 -18"><span class='ocrx_word' id='word_1_25' title='bbox 104 388 166 429; x_wconf 87' lang='lat' dir='ltr'><strong>bit</strong></span> <span class='ocrx_word' id='word_1_26' title='bbox 195 389 349 430; x_wconf 76' lang='lat' dir='ltr'><strong>usura?</strong></span> <span class='ocrx_word' id='word_1_27' title='bbox 369 390 432 431; x_wconf 92' lang='lat' dir='ltr'><strong>Tu</strong></span> <span class='ocrx_word' id='word_1_28' title='bbox 455 389 567 431; x_wconf 88' lang='lat' dir='ltr'><strong>enim</strong></span> <span class='ocrx_word' id='word_1_29' title='bbox 598 398 745 431; x_wconf 88' lang='lat' dir='ltr'><strong>auctor</strong></span> <span class='ocrx_word' id='word_1_30' title='bbox 768 391 1054 447; x_wconf 85' lang='lat' dir='ltr'><strong>negotiorum,</strong></span> <span class='ocrx_word' id='word_1_31' title='bbox 1087 408 1236 436; x_wconf 70' lang='lat' dir='ltr'><strong>censor</strong></span> <span class='ocrx_word' id='word_1_32' title='bbox 1262 398 1448 439; x_wconf 82' lang='lat' dir='ltr'><strong>servulo-</strong></span> 
     </span>
     <span class='ocr_line' id='line_1_5' title="bbox 104 458 1313 517; baseline 0.007 -19"><span class='ocrx_word' id='word_1_33' title='bbox 104 471 213 505; x_wconf 88' lang='lat' dir='ltr'><strong>rum,</strong></span> <span class='ocrx_word' id='word_1_34' title='bbox 248 458 401 500; x_wconf 75' lang='lat' dir='ltr'>arbiter</span> <span class='ocrx_word' id='word_1_35' title='bbox 417 458 610 508; x_wconf 79' lang='lat' dir='ltr'><strong>fratrum,</strong></span> <span class='ocrx_word' id='word_1_36' title='bbox 636 475 720 500; x_wconf 88' lang='lat' dir='ltr'><strong>non</strong></span> <span class='ocrx_word' id='word_1_37' title='bbox 743 460 841 507; x_wconf 84' lang='lat' dir='ltr'><strong>litis,</strong></span> <span class='ocrx_word' id='word_1_38' title='bbox 868 461 940 501; x_wconf 85' lang='lat' dir='ltr'><strong>sed</strong></span> <span class='ocrx_word' id='word_1_39' title='bbox 963 460 1124 517; x_wconf 79' lang='lat' dir='ltr'><strong>pietatis</strong></span> <span class='ocrx_word' id='word_1_40' title='bbox 1147 464 1313 506; x_wconf 76' lang='lat' dir='ltr'>arbiter.</span> 
     </span>
    </p>

    <p class='ocr_par' dir='ltr' id='par_1_3' title="bbox 105 527 1460 1360">
     <span class='ocr_line' id='line_1_6' title="bbox 161 527 1453 587; baseline 0.007 -17"><span class='ocrx_word' id='word_1_41' title='bbox 161 527 270 570; x_wconf 83' lang='lat' dir='ltr'><strong>XLI.</strong></span> <span class='ocrx_word' id='word_1_42' title='bbox 307 529 411 571; x_wconf 88' lang='lat' dir='ltr'><strong>Nam</strong></span> <span class='ocrx_word' id='word_1_43' title='bbox 441 530 472 571; x_wconf 91' lang='lat' dir='ltr'><strong>si</strong></span> <span class='ocrx_word' id='word_1_44' title='bbox 499 531 667 586; x_wconf 84' lang='lat' dir='ltr'><strong>quando</strong></span> <span class='ocrx_word' id='word_1_45' title='bbox 703 530 859 587; x_wconf 83' lang='lat' dir='ltr'><strong>aliquid</strong></span> <span class='ocrx_word' id='word_1_46' title='bbox 887 546 983 573; x_wconf 86' lang='lat' dir='ltr'><strong>curn</strong></span> <span class='ocrx_word' id='word_1_47' title='bbox 1014 540 1156 574; x_wconf 88' lang='lat' dir='ltr'><strong>sancta</strong></span> <span class='ocrx_word' id='word_1_48' title='bbox 1183 550 1324 577; x_wconf 87' lang='lat' dir='ltr'><strong>sorore</strong></span> <span class='ocrx_word' id='word_1_49' title='bbox 1350 536 1453 578; x_wconf 85' lang='lat' dir='ltr'><strong>mihi</strong></span> 
     </span>
     <span class='ocr_line' id='line_1_7' title="bbox 105 598 1456 662; baseline 0.006 -23"><span class='ocrx_word' id='word_1_50' title='bbox 105 598 410 640; x_wconf 83' lang='lat' dir='ltr'><strong>conserendum</strong></span> <span class='ocrx_word' id='word_1_51' title='bbox 433 599 524 648; x_wconf 88' lang='lat' dir='ltr'><strong>suit,</strong></span> <span class='ocrx_word' id='word_1_52' title='bbox 553 608 645 642; x_wconf 81' lang='lat' dir='ltr'><strong>utra</strong></span> <span class='ocrx_word' id='word_1_53' title='bbox 670 600 819 642; x_wconf 85' lang='lat' dir='ltr'><strong>melior</strong></span> <span class='ocrx_word' id='word_1_54' title='bbox 846 601 1060 643; x_wconf 79' lang='lat' dir='ltr'><strong>videretur</strong></span> <span class='ocrx_word' id='word_1_55' title='bbox 1083 605 1304 653; x_wconf 86' lang='lat' dir='ltr'><strong>sententia,</strong></span> <span class='ocrx_word' id='word_1_56' title='bbox 1333 614 1371 646; x_wconf 89' lang='lat' dir='ltr'><strong>te</strong></span> <span class='ocrx_word' id='word_1_57' title='bbox 1396 606 1456 662; x_wconf 78' lang='lat' dir='ltr'><strong>ju-</strong></span> 
     </span>
     <span class='ocr_line' id='line_1_8' title="bbox 107 668 1455 732; baseline 0.006 -22"><span class='ocrx_word' id='word_1_58' title='bbox 107 668 243 710; x_wconf 88' lang='lat' dir='ltr'><strong>dicem</strong></span> <span class='ocrx_word' id='word_1_59' title='bbox 266 670 553 718; x_wconf 78' lang='lat' dir='ltr'><strong>sumebamus,</strong></span> <span class='ocrx_word' id='word_1_60' title='bbox 576 671 647 727; x_wconf 87' lang='lat' dir='ltr'><strong>qui</strong></span> <span class='ocrx_word' id='word_1_61' title='bbox 670 671 823 713; x_wconf 88' lang='lat' dir='ltr'><strong>nullius</strong></span> <span class='ocrx_word' id='word_1_62' title='bbox 851 673 1022 714; x_wconf 81' lang='lat' dir='ltr'><strong>laederes</strong></span> <span class='ocrx_word' id='word_1_63' title='bbox 1047 688 1107 721; x_wconf 90' lang='lat' dir='ltr'><strong>os,</strong></span> <span class='ocrx_word' id='word_1_64' title='bbox 1139 683 1262 731; x_wconf 86' lang='lat' dir='ltr'><strong>atque</strong></span> <span class='ocrx_word' id='word_1_65' title='bbox 1290 677 1455 732; x_wconf 79' lang='lat' dir='ltr'><strong>utrique</strong></span> 
     </span>
     <span class='ocr_line' id='line_1_9' title="bbox 107 738 1455 796; baseline 0.006 -17"><span class='ocrx_word' id='word_1_66' title='bbox 107 738 344 780; x_wconf 80' lang='lat' dir='ltr'><strong>satisfacere</strong></span> <span class='ocrx_word' id='word_1_67' title='bbox 369 740 566 796; x_wconf 83' lang='lat' dir='ltr'><strong>gestiens,</strong></span> <span class='ocrx_word' id='word_1_68' title='bbox 594 749 635 782; x_wconf 91' lang='lat' dir='ltr'><strong>et</strong></span> <span class='ocrx_word' id='word_1_69' title='bbox 659 740 826 783; x_wconf 89' lang='lat' dir='ltr'><strong>amandi</strong></span> <span class='ocrx_word' id='word_1_70' title='bbox 857 740 1052 784; x_wconf 80' lang='lat' dir='ltr'><strong>affectum</strong></span> <span class='ocrx_word' id='word_1_71' title='bbox 1075 744 1262 792; x_wconf 80' lang='lat' dir='ltr'><strong>tenebas,</strong></span> <span class='ocrx_word' id='word_1_72' title='bbox 1295 753 1336 786; x_wconf 87' lang='lat' dir='ltr'><strong>et</strong></span> <span class='ocrx_word' id='word_1_73' title='bbox 1358 760 1455 787; x_wconf 88' lang='lat' dir='ltr'><strong>ceu-</strong></span> 
     </span>
     <span class='ocr_line' id='line_1_10' title="bbox 109 808 1458 868; baseline 0.004 -18"><span class='ocrx_word' id='word_1_74' title='bbox 109 808 226 850; x_wconf 84' lang='lat' dir='ltr'><strong>sendi</strong></span> <span class='ocrx_word' id='word_1_75' title='bbox 263 810 463 858; x_wconf 83' lang='lat' dir='ltr'><strong>modum,-</strong></span> <span class='ocrx_word' id='word_1_76' title='bbox 500 818 547 851; x_wconf 91' lang='lat' dir='ltr'><strong>ut</strong></span> <span class='ocrx_word' id='word_1_77' title='bbox 579 820 620 852; x_wconf 84' lang='lat' dir='ltr'><strong>et</strong></span> <span class='ocrx_word' id='word_1_78' title='bbox 656 820 885 866; x_wconf 78' lang='lat' dir='ltr'><strong>utrumque</strong></span> <span class='ocrx_word' id='word_1_79' title='bbox 923 816 1085 868; x_wconf 83' lang='lat' dir='ltr'><strong>gratum</strong></span> <span class='ocrx_word' id='word_1_80' title='bbox 1126 812 1373 865; x_wconf 72' lang='lat' dir='ltr'><strong>dimitteres,</strong></span> <span class='ocrx_word' id='word_1_81' title='bbox 1417 825 1458 857; x_wconf 80' lang='lat' dir='ltr'><strong>ct</strong></span> 
     </span>
     <span class='ocr_line' id='line_1_11' title="bbox 107 879 1459 941; baseline 0.006 -21"><span class='ocrx_word' id='word_1_82' title='bbox 107 879 323 937; x_wconf 89' lang='lat' dir='ltr'><strong>utriusque</strong></span> <span class='ocrx_word' id='word_1_83' title='bbox 344 881 418 923; x_wconf 91' lang='lat' dir='ltr'><strong>tibi</strong></span> <span class='ocrx_word' id='word_1_84' title='bbox 444 881 618 939; x_wconf 79' lang='lat' dir='ltr'><strong>gratiam</strong></span> <span class='ocrx_word' id='word_1_85' title='bbox 650 882 898 924; x_wconf 77' lang='lat' dir='ltr'><strong>vindicares.</strong></span> <span class='ocrx_word' id='word_1_86' title='bbox 929 882 1014 924; x_wconf 88' lang='lat' dir='ltr'><strong>Aut</strong></span> <span class='ocrx_word' id='word_1_87' title='bbox 1036 883 1068 924; x_wconf 90' lang='lat' dir='ltr'><strong>si</strong></span> <span class='ocrx_word' id='word_1_88' title='bbox 1092 883 1178 940; x_wconf 88' lang='lat' dir='ltr'><strong>ipse</strong></span> <span class='ocrx_word' id='word_1_89' title='bbox 1201 885 1355 941; x_wconf 87' lang='lat' dir='ltr'><strong>aliquid</strong></span> <span class='ocrx_word' id='word_1_90' title='bbox 1380 887 1459 928; x_wconf 74' lang='lat' dir='ltr'><strong>dis-</strong></span> 
     </span>
     <span class='ocr_line' id='line_1_12' title="bbox 107 952 1459 1012; baseline 0.007 -21"><span class='ocrx_word' id='word_1_91' title='bbox 107 952 360 1007; x_wconf 83' lang='lat' dir='ltr'><strong>ceptandum</strong></span> <span class='ocrx_word' id='word_1_92' title='bbox 381 952 580 1001; x_wconf 80' lang='lat' dir='ltr'><strong>deferres,</strong></span> <span class='ocrx_word' id='word_1_93' title='bbox 600 968 724 1009; x_wconf 80' lang='lat' dir='ltr'><strong>quam</strong></span> <span class='ocrx_word' id='word_1_94' title='bbox 745 962 858 1010; x_wconf 88' lang='lat' dir='ltr'><strong>grata</strong></span> <span class='ocrx_word' id='word_1_95' title='bbox 878 954 1092 996; x_wconf 84' lang='lat' dir='ltr'><strong>contentio</strong></span> <span class='ocrx_word' id='word_1_96' title='bbox 1111 957 1205 996; x_wconf 77' lang='lat' dir='ltr'><strong>tua!</strong></span> <span class='ocrx_word' id='word_1_97' title='bbox 1228 971 1351 1012; x_wconf 72' lang='lat' dir='ltr'><strong>quain</strong></span> <span class='ocrx_word' id='word_1_98' title='bbox 1372 958 1459 1000; x_wconf 87' lang='lat' dir='ltr'><strong>sine</strong></span> 
     </span>
     <span class='ocr_line' id='line_1_13' title="bbox 108 1019 1458 1079; baseline 0.005 -18"><span class='ocrx_word' id='word_1_99' title='bbox 108 1019 203 1062; x_wconf 80' lang='lat' dir='ltr'><strong>selle</strong></span> <span class='ocrx_word' id='word_1_100' title='bbox 236 1020 321 1078; x_wconf 87' lang='lat' dir='ltr'><strong>ipsa</strong></span> <span class='ocrx_word' id='word_1_101' title='bbox 354 1021 608 1079; x_wconf 78' lang='lat' dir='ltr'><strong>indignatio!</strong></span> <span class='ocrx_word' id='word_1_102' title='bbox 645 1038 769 1079; x_wconf 89' lang='lat' dir='ltr'><strong>quam</strong></span> <span class='ocrx_word' id='word_1_103' title='bbox 803 1023 976 1064; x_wconf 69' lang='lat' dir='ltr'><strong>servulis</strong></span> <span class='ocrx_word' id='word_1_104' title='bbox 1008 1024 1103 1079; x_wconf 86' lang='lat' dir='ltr'><strong>ipsis</strong></span> <span class='ocrx_word' id='word_1_105' title='bbox 1136 1026 1337 1067; x_wconf 68' lang='lat' dir='ltr'><strong>coercitio</strong></span> <span class='ocrx_word' id='word_1_106' title='bbox 1374 1042 1458 1068; x_wconf 88' lang='lat' dir='ltr'><strong>non</strong></span> 
     </span>
     <span class='ocr_line' id='line_1_14' title="bbox 110 1093 1460 1150; baseline 0.004 -18"><span class='ocrx_word' id='word_1_107' title='bbox 110 1106 272 1140; x_wconf 80' lang='lat' dir='ltr'><strong>amara3</strong></span> <span class='ocrx_word' id='word_1_108' title='bbox 299 1107 396 1133; x_wconf 89' lang='lat' dir='ltr'><strong>cum</strong></span> <span class='ocrx_word' id='word_1_109' title='bbox 420 1101 461 1133; x_wconf 92' lang='lat' dir='ltr'><strong>te</strong></span> <span class='ocrx_word' id='word_1_110' title='bbox 482 1093 680 1134; x_wconf 81' lang='lat' dir='ltr'><strong>fratribus</strong></span> <span class='ocrx_word' id='word_1_111' title='bbox 706 1093 835 1150; x_wconf 80' lang='lat' dir='ltr'><strong>magis</strong></span> <span class='ocrx_word' id='word_1_112' title='bbox 865 1094 1052 1140; x_wconf 83' lang='lat' dir='ltr'><strong>deferre,</strong></span> <span class='ocrx_word' id='word_1_113' title='bbox 1076 1109 1200 1150; x_wconf 82' lang='lat' dir='ltr'><strong>quam</strong></span> <span class='ocrx_word' id='word_1_114' title='bbox 1228 1111 1278 1136; x_wconf 80' lang='lat' dir='ltr'><strong>cx</strong></span> <span class='ocrx_word' id='word_1_115' title='bbox 1309 1096 1460 1138; x_wconf 82' lang='lat' dir='ltr'><strong>ass&#39;cctu</strong></span> 
     </span>
     <span class='ocr_line' id='line_1_15' title="bbox 110 1160 1460 1221; baseline 0.004 -19"><span class='ocrx_word' id='word_1_116' title='bbox 110 1160 290 1202; x_wconf 83' lang='lat' dir='ltr'><strong>disceres</strong></span> <span class='ocrx_word' id='word_1_117' title='bbox 318 1162 552 1204; x_wconf 84' lang='lat' dir='ltr'><strong>vindicare!</strong></span> <span class='ocrx_word' id='word_1_118' title='bbox 580 1162 707 1204; x_wconf 75' lang='lat' dir='ltr'><strong>Nobis</strong></span> <span class='ocrx_word' id='word_1_119' title='bbox 735 1163 847 1204; x_wconf 88' lang='lat' dir='ltr'><strong>enim</strong></span> <span class='ocrx_word' id='word_1_120' title='bbox 877 1164 1077 1219; x_wconf 84' lang='lat' dir='ltr'><strong>professio</strong></span> <span class='ocrx_word' id='word_1_121' title='bbox 1105 1165 1301 1221; x_wconf 71' lang='lat' dir='ltr'><strong>repressit</strong></span> <span class='ocrx_word' id='word_1_122' title='bbox 1326 1167 1460 1207; x_wconf 85' lang='lat' dir='ltr'><strong>studia</strong></span> 
     </span>
     <span class='ocr_line' id='line_1_16' title="bbox 110 1232 1458 1281; baseline 0.003 -8"><span class='ocrx_word' id='word_1_123' title='bbox 110 1232 357 1280; x_wconf 70' lang='lat' dir='ltr'><strong>coercend‘13</strong></span> <span class='ocrx_word' id='word_1_124' title='bbox 386 1234 469 1274; x_wconf 89' lang='lat' dir='ltr'><strong>imo</strong></span> <span class='ocrx_word' id='word_1_125' title='bbox 490 1242 549 1281; x_wconf 86' lang='lat' dir='ltr'><strong>tu,</strong></span> <span class='ocrx_word' id='word_1_126' title='bbox 568 1232 711 1281; x_wconf 85' lang='lat' dir='ltr'><strong>frater,</strong></span> <span class='ocrx_word' id='word_1_127' title='bbox 733 1234 782 1274; x_wconf 88' lang='lat' dir='ltr'><strong>ab</strong></span> <span class='ocrx_word' id='word_1_128' title='bbox 802 1234 917 1274; x_wconf 88' lang='lat' dir='ltr'><strong>omui</strong></span> <span class='ocrx_word' id='word_1_129' title='bbox 940 1249 1015 1275; x_wconf 81' lang='lat' dir='ltr'><strong>nos</strong></span> <span class='ocrx_word' id='word_1_130' title='bbox 1040 1235 1281 1276; x_wconf 80' lang='lat' dir='ltr'><strong>abducebas</strong></span> <span class='ocrx_word' id='word_1_131' title='bbox 1300 1237 1458 1277; x_wconf 70' lang='lat' dir='ltr'><strong>coerci-</strong></span> 
     </span>
     <span class='ocr_line' id='line_1_17' title="bbox 109 1300 1395 1360; baseline 0.004 -18"><span class='ocrx_word' id='word_1_132' title='bbox 109 1300 234 1342; x_wconf 84' lang='lat' dir='ltr'><strong>tionis</strong></span> <span class='ocrx_word' id='word_1_133' title='bbox 259 1300 426 1355; x_wconf 86' lang='lat' dir='ltr'><strong>affectu‚</strong></span> <span class='ocrx_word' id='word_1_134' title='bbox 447 1302 659 1344; x_wconf 87' lang='lat' dir='ltr'><strong>vindicare</strong></span> <span class='ocrx_word' id='word_1_135' title='bbox 683 1303 902 1360; x_wconf 82' lang='lat' dir='ltr'><strong>pollicens,</strong></span> <span class='ocrx_word' id='word_1_136' title='bbox 929 1312 970 1344; x_wconf 88' lang='lat' dir='ltr'><strong>et</strong></span> <span class='ocrx_word' id='word_1_137' title='bbox 990 1303 1121 1345; x_wconf 89' lang='lat' dir='ltr'><strong>lenire</strong></span> <span class='ocrx_word' id='word_1_138' title='bbox 1143 1305 1395 1347; x_wconf 85' lang='lat' dir='ltr'><strong>desiderans.</strong></span> 
     </span>
    </p>

    <p class='ocr_par' dir='ltr' id='par_1_4' title="bbox 107 1370 1462 2061">
     <span class='ocr_line' id='line_1_18' title="bbox 166 1370 1456 1430; baseline 0.002 -17"><span class='ocrx_word' id='word_1_139' title='bbox 166 1370 294 1413; x_wconf 85' lang='lat' dir='ltr'><strong>XLII.</strong></span> <span class='ocrx_word' id='word_1_140' title='bbox 332 1371 422 1414; x_wconf 85' lang='lat' dir='ltr'><strong>Non</strong></span> <span class='ocrx_word' id='word_1_141' title='bbox 457 1372 681 1414; x_wconf 85' lang='lat' dir='ltr'><strong>mediocris</strong></span> <span class='ocrx_word' id='word_1_142' title='bbox 721 1372 848 1429; x_wconf 80' lang='lat' dir='ltr'><strong>igitur</strong></span> <span class='ocrx_word' id='word_1_143' title='bbox 879 1374 1111 1430; x_wconf 81' lang='lat' dir='ltr'><strong>prudentiae</strong></span> <span class='ocrx_word' id='word_1_144' title='bbox 1151 1374 1456 1424; x_wconf 81' lang='lat' dir='ltr'><strong>testimonium,</strong></span> 
     </span>
     <span class='ocr_line' id='line_1_19' title="bbox 108 1442 1460 1502; baseline 0.002 -18"><span class='ocrx_word' id='word_1_145' title='bbox 108 1458 198 1499; x_wconf 81' lang='lat' dir='ltr'><strong>quae</strong></span> <span class='ocrx_word' id='word_1_146' title='bbox 221 1443 276 1485; x_wconf 88' lang='lat' dir='ltr'><strong>ita</strong></span> <span class='ocrx_word' id='word_1_147' title='bbox 305 1459 326 1484; x_wconf 85' lang='lat' dir='ltr'><strong>a</strong></span> <span class='ocrx_word' id='word_1_148' title='bbox 356 1443 614 1500; x_wconf 86' lang='lat' dir='ltr'><strong>sapientibus</strong></span> <span class='ocrx_word' id='word_1_149' title='bbox 653 1442 865 1486; x_wconf 82' lang='lat' dir='ltr'><strong>definitur.</strong></span> <span class='ocrx_word' id='word_1_150' title='bbox 906 1445 1122 1486; x_wconf 79' lang='lat' dir='ltr'><strong>Bonorum</strong></span> <span class='ocrx_word' id='word_1_151' title='bbox 1155 1446 1338 1502; x_wconf 79' lang='lat' dir='ltr'><strong>primun}</strong></span> <span class='ocrx_word' id='word_1_152' title='bbox 1371 1462 1460 1487; x_wconf 77' lang='lat' dir='ltr'><strong>esse</strong></span> 
     </span>
     <span class='ocr_line' id='line_1_20' title="bbox 107 1512 1462 1572; baseline 0.003 -18"><span class='ocrx_word' id='word_1_153' title='bbox 107 1512 242 1554; x_wconf 87' lang='lat' dir='ltr'><strong>Deum</strong></span> <span class='ocrx_word' id='word_1_154' title='bbox 267 1513 388 1562; x_wconf 86' lang='lat' dir='ltr'><strong>scire,</strong></span> <span class='ocrx_word' id='word_1_155' title='bbox 412 1521 454 1556; x_wconf 89' lang='lat' dir='ltr'><strong>et</strong></span> <span class='ocrx_word' id='word_1_156' title='bbox 481 1529 627 1555; x_wconf 79' lang='lat' dir='ltr'><strong>verum</strong></span> <span class='ocrx_word' id='word_1_157' title='bbox 655 1514 761 1555; x_wconf 79' lang='lat' dir='ltr'><strong>illud</strong></span> <span class='ocrx_word' id='word_1_158' title='bbox 788 1523 910 1570; x_wconf 86' lang='lat' dir='ltr'><strong>atque</strong></span> <span class='ocrx_word' id='word_1_159' title='bbox 935 1515 1119 1556; x_wconf 82' lang='lat' dir='ltr'><strong>divinum</strong></span> <span class='ocrx_word' id='word_1_160' title='bbox 1144 1515 1210 1572; x_wconf 83' lang='lat' dir='ltr'><strong>pia</strong></span> <span class='ocrx_word' id='word_1_161' title='bbox 1236 1524 1376 1557; x_wconf 82' lang='lat' dir='ltr'><strong>mente</strong></span> <span class='ocrx_word' id='word_1_162' title='bbox 1399 1531 1462 1558; x_wconf 74' lang='lat' dir='ltr'><strong>ve-</strong></span> 
     </span>
     <span class='ocr_line' id='line_1_21' title="bbox 108 1582 1460 1643; baseline 0.002 -19"><span class='ocrx_word' id='word_1_163' title='bbox 108 1582 261 1631; x_wconf 87' lang='lat' dir='ltr'><strong>nerari,</strong></span> <span class='ocrx_word' id='word_1_164' title='bbox 293 1583 405 1625; x_wconf 88' lang='lat' dir='ltr'><strong>illam</strong></span> <span class='ocrx_word' id='word_1_165' title='bbox 437 1584 660 1626; x_wconf 81' lang='lat' dir='ltr'><strong>amabilem</strong></span> <span class='ocrx_word' id='word_1_166' title='bbox 692 1592 731 1625; x_wconf 88' lang='lat' dir='ltr'><strong>et</strong></span> <span class='ocrx_word' id='word_1_167' title='bbox 763 1584 1145 1642; x_wconf 84' lang='lat' dir='ltr'><strong>concupiscendam</strong></span> <span class='ocrx_word' id='word_1_168' title='bbox 1173 1593 1337 1626; x_wconf 77' lang='lat' dir='ltr'><strong>aeternae</strong></span> <span class='ocrx_word' id='word_1_169' title='bbox 1367 1587 1460 1643; x_wconf 81' lang='lat' dir='ltr'><strong>pul-</strong></span> 
     </span>
     <span class='ocr_line' id='line_1_22' title="bbox 110 1651 1458 1712; baseline 0.002 -19"><span class='ocrx_word' id='word_1_170' title='bbox 110 1651 393 1695; x_wconf 83' lang='lat' dir='ltr'><strong>chritudinem</strong></span> <span class='ocrx_word' id='word_1_171' title='bbox 408 1654 590 1695; x_wconf 81' lang='lat' dir='ltr'><strong>veritatis</strong></span> <span class='ocrx_word' id='word_1_172' title='bbox 605 1662 690 1696; x_wconf 90' lang='lat' dir='ltr'><strong>tota</strong></span> <span class='ocrx_word' id='word_1_173' title='bbox 706 1654 855 1696; x_wconf 88' lang='lat' dir='ltr'><strong>mentis</strong></span> <span class='ocrx_word' id='word_1_174' title='bbox 873 1655 1076 1696; x_wconf 86' lang='lat' dir='ltr'><strong>charitate</strong></span> <span class='ocrx_word' id='word_1_175' title='bbox 1094 1655 1276 1712; x_wconf 80' lang='lat' dir='ltr'><strong>diligere.</strong></span> <span class='ocrx_word' id='word_1_176' title='bbox 1301 1654 1458 1696; x_wconf 85' lang='lat' dir='ltr'><strong>Secun-</strong></span> 
     </span>
     <span class='ocr_line' id='line_1_23' title="bbox 111 1722 1457 1781; baseline 0.003 -19"><span class='ocrx_word' id='word_1_177' title='bbox 111 1722 212 1763; x_wconf 82' lang='lat' dir='ltr'><strong>dum</strong></span> <span class='ocrx_word' id='word_1_178' title='bbox 236 1731 390 1772; x_wconf 85' lang='lat' dir='ltr'><strong>autem,</strong></span> <span class='ocrx_word' id='word_1_179' title='bbox 413 1723 454 1765; x_wconf 92' lang='lat' dir='ltr'><strong>in</strong></span> <span class='ocrx_word' id='word_1_180' title='bbox 478 1724 690 1781; x_wconf 81' lang='lat' dir='ltr'><strong>proximos</strong></span> <span class='ocrx_word' id='word_1_181' title='bbox 715 1739 735 1764; x_wconf 86' lang='lat' dir='ltr'><strong>a</strong></span> <span class='ocrx_word' id='word_1_182' title='bbox 761 1724 901 1766; x_wconf 74' lang='lat' dir='ltr'><strong>divino</strong></span> <span class='ocrx_word' id='word_1_183' title='bbox 923 1724 992 1765; x_wconf 90' lang='lat' dir='ltr'><strong>illo</strong></span> <span class='ocrx_word' id='word_1_184' title='bbox 1016 1724 1129 1766; x_wconf 88' lang='lat' dir='ltr'><strong>fonte</strong></span> <span class='ocrx_word' id='word_1_185' title='bbox 1154 1733 1276 1781; x_wconf 83' lang='lat' dir='ltr'><strong>atque</strong></span> <span class='ocrx_word' id='word_1_186' title='bbox 1299 1726 1457 1767; x_wconf 77' lang='lat' dir='ltr'><strong>coelesti</strong></span> 
     </span>
     <span class='ocr_line' id='line_1_24' title="bbox 110 1794 1457 1852; baseline 0.002 -19"><span class='ocrx_word' id='word_1_187' title='bbox 110 1801 269 1835; x_wconf 82' lang='lat' dir='ltr'><strong>naturae</strong></span> <span class='ocrx_word' id='word_1_188' title='bbox 298 1794 484 1835; x_wconf 85' lang='lat' dir='ltr'><strong>derivare</strong></span> <span class='ocrx_word' id='word_1_189' title='bbox 517 1794 714 1852; x_wconf 87' lang='lat' dir='ltr'><strong>pietatem</strong></span> <span class='ocrx_word' id='word_1_190' title='bbox 739 1811 748 1834; x_wconf 91' lang='lat'><strong>:</strong></span> <span class='ocrx_word' id='word_1_191' title='bbox 772 1796 884 1851; x_wconf 88' lang='lat' dir='ltr'><strong>quod</strong></span> <span class='ocrx_word' id='word_1_192' title='bbox 912 1794 1038 1836; x_wconf 88' lang='lat' dir='ltr'><strong>etiam</strong></span> <span class='ocrx_word' id='word_1_193' title='bbox 1072 1795 1219 1837; x_wconf 84' lang='lat' dir='ltr'><strong>muudi</strong></span> <span class='ocrx_word' id='word_1_194' title='bbox 1251 1796 1457 1851; x_wconf 82' lang='lat' dir='ltr'><strong>sapientes</strong></span> 
     </span>
     <span class='ocr_line' id='line_1_25' title="bbox 111 1863 1460 1921; baseline 0.001 -17"><span class='ocrx_word' id='word_1_195' title='bbox 111 1863 262 1905; x_wconf 88' lang='lat' dir='ltr'><strong>nostris</strong></span> <span class='ocrx_word' id='word_1_196' title='bbox 289 1863 467 1905; x_wconf 84' lang='lat' dir='ltr'><strong>hausere</strong></span> <span class='ocrx_word' id='word_1_197' title='bbox 499 1865 550 1906; x_wconf 90' lang='lat' dir='ltr'><strong>de</strong></span> <span class='ocrx_word' id='word_1_198' title='bbox 578 1864 753 1921; x_wconf 82' lang='lat' dir='ltr'><strong>legibus.</strong></span> <span class='ocrx_word' id='word_1_199' title='bbox 789 1864 932 1920; x_wconf 81' lang='lat' dir='ltr'><strong>Neque</strong></span> <span class='ocrx_word' id='word_1_200' title='bbox 963 1865 1074 1907; x_wconf 88' lang='lat' dir='ltr'><strong>enim</strong></span> <span class='ocrx_word' id='word_1_201' title='bbox 1107 1865 1294 1907; x_wconf 85' lang='lat' dir='ltr'><strong>derivare</strong></span> <span class='ocrx_word' id='word_1_202' title='bbox 1319 1864 1394 1906; x_wconf 85' lang='lat' dir='ltr'><strong>ista</strong></span> <span class='ocrx_word' id='word_1_203' title='bbox 1418 1865 1460 1906; x_wconf 90' lang='lat' dir='ltr'><strong>in</strong></span> 
     </span>
     <span class='ocr_line' id='line_1_26' title="bbox 112 1933 1458 1992; baseline 0.001 -18"><span class='ocrx_word' id='word_1_204' title='bbox 112 1933 330 1976; x_wconf 89' lang='lat' dir='ltr'><strong>hominum</strong></span> <span class='ocrx_word' id='word_1_205' title='bbox 363 1934 624 1991; x_wconf 81' lang='lat' dir='ltr'><strong>disciplinas,</strong></span> <span class='ocrx_word' id='word_1_206' title='bbox 667 1934 745 1977; x_wconf 88' lang='lat' dir='ltr'><strong>nisi</strong></span> <span class='ocrx_word' id='word_1_207' title='bbox 782 1935 834 1977; x_wconf 88' lang='lat' dir='ltr'><strong>de</strong></span> <span class='ocrx_word' id='word_1_208' title='bbox 868 1935 1025 1977; x_wconf 80' lang='lat' dir='ltr'><strong>coelesti</strong></span> <span class='ocrx_word' id='word_1_209' title='bbox 1063 1935 1132 1977; x_wconf 79' lang='lat' dir='ltr'><strong>illo</strong></span> <span class='ocrx_word' id='word_1_210' title='bbox 1171 1934 1319 1977; x_wconf 81' lang='lat' dir='ltr'><strong>divinae</strong></span> <span class='ocrx_word' id='word_1_211' title='bbox 1357 1935 1458 1992; x_wconf 74' lang='lat' dir='ltr'><strong>legis</strong></span> 
     </span>
     <span class='ocr_line' id='line_1_27' title="bbox 110 2002 485 2061; baseline 0.008 -17"><span class='ocrx_word' id='word_1_212' title='bbox 110 2002 224 2045; x_wconf 88' lang='lat' dir='ltr'><strong>fonte</strong></span> <span class='ocrx_word' id='word_1_213' title='bbox 240 2004 485 2061; x_wconf 88' lang='lat' dir='ltr'><strong>potuissent.</strong></span> 
     </span>
    </p>

    <p class='ocr_par' dir='ltr' id='par_1_5' title="bbox 110 2074 1463 2553">
     <span class='ocr_line' id='line_1_28' title="bbox 167 2074 1460 2133; baseline -0.002 -16"><span class='ocrx_word' id='word_1_214' title='bbox 167 2074 318 2118; x_wconf 88' lang='lat' dir='ltr'><strong>XLIII.</strong></span> <span class='ocrx_word' id='word_1_215' title='bbox 357 2075 470 2127; x_wconf 88' lang='lat' dir='ltr'><strong>Quid</strong></span> <span class='ocrx_word' id='word_1_216' title='bbox 493 2075 619 2133; x_wconf 86' lang='lat' dir='ltr'><strong>igitur</strong></span> <span class='ocrx_word' id='word_1_217' title='bbox 641 2074 950 2117; x_wconf 88' lang='lat' dir='ltr'><strong>observantiam</strong></span> <span class='ocrx_word' id='word_1_218' title='bbox 970 2074 1060 2131; x_wconf 86' lang='lat' dir='ltr'><strong>ejus</strong></span> <span class='ocrx_word' id='word_1_219' title='bbox 1078 2090 1174 2132; x_wconf 83' lang='lat' dir='ltr'><strong>erga</strong></span> <span class='ocrx_word' id='word_1_220' title='bbox 1196 2074 1273 2117; x_wconf 87' lang='lat' dir='ltr'><strong>Dei</strong></span> <span class='ocrx_word' id='word_1_221' title='bbox 1297 2075 1460 2116; x_wconf 89' lang='lat' dir='ltr'><strong>cultum</strong></span> 
     </span>
     <span class='ocr_line' id='line_1_29' title="bbox 111 2137 1460 2203; baseline 0 -18"><span class='ocrx_word' id='word_1_222' title='bbox 111 2144 369 2202; x_wconf 77' lang='lat' dir='ltr'><strong>praediCem?</strong></span> <span class='ocrx_word' id='word_1_223' title='bbox 397 2145 481 2197; x_wconf 87' lang='lat' dir='ltr'><strong>Qui</strong></span> <span class='ocrx_word' id='word_1_224' title='bbox 512 2145 754 2203; x_wconf 89' lang='lat' dir='ltr'><strong>priusquam</strong></span> <span class='ocrx_word' id='word_1_225' title='bbox 782 2144 1104 2201; x_wconf 83' lang='lat' dir='ltr'><strong>perfectioribus</strong></span> <span class='ocrx_word' id='word_1_226' title='bbox 1140 2137 1248 2187; x_wconf 87' lang='lat' dir='ltr'><strong>esset</strong></span> <span class='ocrx_word' id='word_1_227' title='bbox 1277 2144 1460 2185; x_wconf 89' lang='lat' dir='ltr'><strong>initiatus</strong></span> 
     </span>
     <span class='ocr_line' id='line_1_30' title="bbox 110 2214 1458 2273; baseline -0.001 -17"><span class='ocrx_word' id='word_1_228' title='bbox 110 2215 336 2272; x_wconf 80' lang='lat' dir='ltr'><strong>mysteriis,</strong></span> <span class='ocrx_word' id='word_1_229' title='bbox 356 2215 398 2256; x_wconf 91' lang='lat' dir='ltr'><strong>in</strong></span> <span class='ocrx_word' id='word_1_230' title='bbox 416 2216 632 2273; x_wconf 84' lang='lat' dir='ltr'><strong>naufragio</strong></span> <span class='ocrx_word' id='word_1_231' title='bbox 653 2215 919 2263; x_wconf 86' lang='lat' dir='ltr'><strong>constitutus,</strong></span> <span class='ocrx_word' id='word_1_232' title='bbox 942 2230 1038 2256; x_wconf 87' lang='lat' dir='ltr'><strong>cum</strong></span> <span class='ocrx_word' id='word_1_233' title='bbox 1056 2230 1102 2256; x_wconf 86' lang='lat' dir='ltr'><strong>ea</strong></span> <span class='ocrx_word' id='word_1_234' title='bbox 1124 2230 1203 2271; x_wconf 89' lang='lat' dir='ltr'><strong>qua</strong></span> <span class='ocrx_word' id='word_1_235' title='bbox 1221 2214 1458 2263; x_wconf 82' lang='lat' dir='ltr'><strong>veheretur,</strong></span> 
     </span>
     <span class='ocr_line' id='line_1_31' title="bbox 113 2284 1463 2342; baseline 0.001 -17"><span class='ocrx_word' id='word_1_236' title='bbox 113 2284 228 2326; x_wconf 88' lang='lat' dir='ltr'><strong>navis</strong></span> <span class='ocrx_word' id='word_1_237' title='bbox 250 2286 471 2342; x_wconf 88' lang='lat' dir='ltr'><strong>scopuloso</strong></span> <span class='ocrx_word' id='word_1_238' title='bbox 495 2285 600 2328; x_wconf 81' lang='lat' dir='ltr'><strong>illisa</strong></span> <span class='ocrx_word' id='word_1_239' title='bbox 623 2287 746 2334; x_wconf 80' lang='lat' dir='ltr'><strong>vado,</strong></span> <span class='ocrx_word' id='word_1_240' title='bbox 768 2293 809 2327; x_wconf 91' lang='lat' dir='ltr'><strong>et</strong></span> <span class='ocrx_word' id='word_1_241' title='bbox 826 2285 1071 2341; x_wconf 87' lang='lat' dir='ltr'><strong>urgentibus</strong></span> <span class='ocrx_word' id='word_1_242' title='bbox 1094 2285 1193 2326; x_wconf 87' lang='lat' dir='ltr'><strong>hine</strong></span> <span class='ocrx_word' id='word_1_243' title='bbox 1217 2293 1340 2341; x_wconf 87' lang='lat' dir='ltr'><strong>atque</strong></span> <span class='ocrx_word' id='word_1_244' title='bbox 1367 2284 1463 2326; x_wconf 90' lang='lat' dir='ltr'><strong>inde</strong></span> 
     </span>
     <span class='ocr_line' id='line_1_32' title="bbox 112 2354 1462 2406; baseline -0.002 -9"><span class='ocrx_word' id='word_1_245' title='bbox 112 2354 311 2397; x_wconf 86' lang='lat' dir='ltr'><strong>fiuctibus</strong></span> <span class='ocrx_word' id='word_1_246' title='bbox 328 2357 576 2406; x_wconf 85' lang='lat' dir='ltr'><strong>solveretur,</strong></span> <span class='ocrx_word' id='word_1_247' title='bbox 598 2371 683 2397; x_wconf 90' lang='lat' dir='ltr'><strong>non</strong></span> <span class='ocrx_word' id='word_1_248' title='bbox 705 2364 884 2397; x_wconf 88' lang='lat' dir='ltr'><strong>mortem</strong></span> <span class='ocrx_word' id='word_1_249' title='bbox 903 2365 1109 2405; x_wconf 82' lang='lat' dir='ltr'><strong>metuens,</strong></span> <span class='ocrx_word' id='word_1_250' title='bbox 1135 2357 1208 2398; x_wconf 90' lang='lat' dir='ltr'><strong>sed</strong></span> <span class='ocrx_word' id='word_1_251' title='bbox 1231 2370 1282 2396; x_wconf 89' lang='lat' dir='ltr'><strong>ne</strong></span> <span class='ocrx_word' id='word_1_252' title='bbox 1305 2369 1462 2395; x_wconf 82' lang='lat' dir='ltr'><strong>vacuus</strong></span> 
     </span>
     <span class='ocr_line' id='line_1_33' title="bbox 114 2424 1461 2483; baseline -0.001 -18"><span class='ocrx_word' id='word_1_253' title='bbox 114 2425 304 2481; x_wconf 81' lang='lat' dir='ltr'><strong>mysterii</strong></span> <span class='ocrx_word' id='word_1_254' title='bbox 328 2426 458 2468; x_wconf 86' lang='lat' dir='ltr'><strong>exiret</strong></span> <span class='ocrx_word' id='word_1_255' title='bbox 480 2442 503 2468; x_wconf 88' lang='lat' dir='ltr'><strong>e</strong></span> <span class='ocrx_word' id='word_1_256' title='bbox 529 2425 635 2474; x_wconf 77' lang='lat' dir='ltr'><strong>vita3</strong></span> <span class='ocrx_word' id='word_1_257' title='bbox 664 2441 767 2482; x_wconf 88' lang='lat' dir='ltr'><strong>quos</strong></span> <span class='ocrx_word' id='word_1_258' title='bbox 790 2425 972 2467; x_wconf 85' lang='lat' dir='ltr'><strong>initiatos</strong></span> <span class='ocrx_word' id='word_1_259' title='bbox 996 2441 1085 2467; x_wconf 86' lang='lat' dir='ltr'><strong>esse</strong></span> <span class='ocrx_word' id='word_1_260' title='bbox 1109 2433 1379 2483; x_wconf 75' lang='lat' dir='ltr'><strong>cognoverat,</strong></span> <span class='ocrx_word' id='word_1_261' title='bbox 1411 2424 1461 2464; x_wconf 92' lang='lat' dir='ltr'><strong>ab</strong></span> 
     </span>
     <span class='ocr_line' id='line_1_34' title="bbox 115 2493 1463 2553; baseline -0.002 -17"><span class='ocrx_word' id='word_1_262' title='bbox 115 2493 178 2536; x_wconf 88' lang='lat' dir='ltr'><strong>his</strong></span> <span class='ocrx_word' id='word_1_263' title='bbox 201 2495 387 2538; x_wconf 88' lang='lat' dir='ltr'><strong>divinum</strong></span> <span class='ocrx_word' id='word_1_264' title='bbox 409 2496 514 2540; x_wconf 85' lang='lat' dir='ltr'><strong>illud</strong></span> <span class='ocrx_word' id='word_1_265' title='bbox 536 2495 724 2539; x_wconf 81' lang='lat' dir='ltr'><strong>fidelium</strong></span> <span class='ocrx_word' id='word_1_266' title='bbox 749 2503 1061 2538; x_wconf 84' lang='lat' dir='ltr'><strong>sacramentum</strong></span> <span class='ocrx_word' id='word_1_267' title='bbox 1079 2495 1271 2553; x_wconf 87' lang='lat' dir='ltr'><strong>poposcit</strong></span> <span class='ocrx_word' id='word_1_268' title='bbox 1287 2508 1394 2535; x_wconf 87' lang='lat' dir='ltr'><strong>:non</strong></span> <span class='ocrx_word' id='word_1_269' title='bbox 1420 2500 1463 2533; x_wconf 81' lang='lat' dir='ltr'><strong>at</strong></span> 
     </span>
    </p>

    <p class='ocr_par' dir='ltr' id='par_1_6' title="bbox 1276 2579 1311 2605">
     <span class='ocr_line' id='line_1_35' title="bbox 1276 2579 1311 2605; baseline 0.057 -2"><span class='ocrx_word' id='word_1_270' title='bbox 1276 2579 1311 2605; x_wconf 84' lang='lat'><strong>2.</strong></span> 
     </span>
    </p>
   </div>
  </div>
 </body>
</html>
