1774 3158
300 195 383 235 302
858 204 890 230 s.
929 202 1122 231 Aunnosn

297 281 500 339 sanguine
528 280 779 337 gloriamur,
816 280 909 323 illos
941 279 1207 337 dispendium
1244 287 1397 321 movet.
1438 278 1521 321 Nos
1557 279 1647 321 haec

295 421 418 464 nobis
437 422 615 477 amplius
639 421 930 468 contulerunt,
950 435 1076 475 quam
1095 434 1193 461 cum
1215 418 1427 461 verberari
1451 419 1649 460 Christia-

295 507 372 534 nos
407 500 529 549 atque
555 491 761 548 proscribi
790 506 838 534 ac
869 491 1011 533 necari
1049 490 1258 546 juberent.
1294 489 1521 530 Praemium
1552 489 1650 531 fecit

296 564 467 620 religio,
503 563 617 619 quod
649 561 824 619 perfidia
857 562 1034 619 putabat
1076 576 1165 602 esse
1197 561 1468 617 supplicium.
1499 559 1649 602 Videte

296 634 600 691 magnanimos.
627 634 706 675 Per
737 633 933 688 injurias,
957 647 1034 689 per
1057 632 1264 689 inopiam,
1293 646 1367 687 per
1394 631 1647 688 supplicium

296 719 371 748 nos
395 705 603 747 crevimus
627 720 635 746 :
659 705 717 746 illi
746 704 1018 746 caeremonias
1051 719 1143 745 suas
1162 703 1250 745 sine
1279 711 1442 759 quaestu
1475 717 1647 745 manere

298 791 420 834 posse
442 791 525 817 non
550 777 742 817 credunt.
1323 764 1325 766 ¹

355 846 450 889 XII.
488 846 703 893 Habeant,
730 845 889 901 inquit,
915 844 1104 887 Vestales
1128 845 1307 902 virgines
1338 845 1648 887 immunitatem

298 931 428 958 suam.
452 916 604 958 Dicant
624 916 728 964 hoc,
750 915 821 972 qui
844 916 1039 957 nesciunt
1060 917 1231 956 credere
1249 948 1258 963 ,
1279 915 1390 971 quod
1409 914 1538 971 possit
1561 929 1650 956 esse

297 985 474 1042 gratuita
492 985 704 1042 virginitas
729 1000 738 1026 τ
769 994 1000 1042 provocent
1029 985 1182 1033 lucris,
1213 985 1282 1040 qui
1306 984 1502 1026 diffidunt
1524 984 1650 1026 virtu-

295 1056 420 1097 tibus.
450 1055 638 1106 Quantas
661 1064 803 1096 tamen
823 1055 901 1096 illis
922 1055 1102 1111 virgines
1126 1055 1296 1112 praemia
1316 1055 1520 1111 promissa
1543 1054 1651 1095 sece-

297 1126 426 1168 runt?
448 1126 523 1168 Vix
545 1134 705 1182 septem
723 1125 909 1168 Vestales
930 1126 1158 1182 capiuntur
1176 1127 1338 1182 puellae.
1362 1125 1422 1166 En
1446 1133 1555 1165 totus
1573 1138 1650 1164 nu-

297 1212 438 1238 merus
452 1228 463 1244 ,
483 1212 608 1253 quem
632 1196 771 1238 insulae
790 1197 923 1238 vittati
944 1196 1113 1253 capitis,
1130 1204 1455 1252 purpuratarum
1472 1195 1650 1236 vestium

296 1266 504 1317 murices,
528 1282 683 1324 pompa
716 1268 878 1308 lecticae
911 1267 1200 1308 ministrorum
1244 1265 1498 1308 circumfusa
1522 1264 1650 1306 comi-

296 1345 409 1385 tatu,
434 1336 646 1393 privilegia
673 1337 852 1378 maxima
869 1370 878 1385 ,
908 1338 1023 1379 lucra
1048 1337 1252 1394 ingentia,
1271 1336 1512 1394 praescripta
1538 1335 1649 1377 deni-

296 1423 377 1464 que
399 1408 610 1465 pudicitia:
632 1417 818 1468 tempora
839 1412 1080 1464 co'e'gerunt.

356 1479 473 1521 XIII.
509 1478 714 1520 Attollant
738 1479 890 1520 mentis
908 1487 950 1520 et
974 1478 1160 1534 corporis
1176 1479 1321 1520 oculos
1336 1511 1346 1525 ,
1371 1477 1539 1531 ¹rideant
1559 1477 1647 1532 ple-

295 1549 394 1590 bem
419 1548 615 1604 pudoris,
644 1550 849 1605 populum
886 1548 1161 1604 integritatis,
1186 1539 1414 1588 concilium
1442 1545 1650 1602 virginita—

295 1618 358 1659 tis.
396 1617 488 1660 Non
510 1618 621 1658 vittae
649 1618 775 1674 capiti
803 1619 954 1668 decus,
991 1619 1064 1658 scd
1092 1617 1274 1674 ignobile
1308 1617 1494 1657 velamen
1529 1615 1645 1662 usui,

293 1688 436 1730 nobile
467 1688 645 1729 castitati
675 1703 684 1728 :
724 1703 808 1728 non
844 1687 1073 1743 exquisita,
1112 1689 1184 1729 sed
1216 1687 1407 1729 abdicata
1442 1686 1649 1727 lenocinia

292 1758 620 1815 pulchritudinis
643 1773 652 1799 τ
679 1773 763 1799 non
786 1758 856 1798 illa
880 1773 1165 1814 purpurarum
1188 1757 1366 1814 insignia
1384 1789 1393 1803 ,
1421 1771 1505 1798 non
1527 1757 1649 1798 luxus

295 1829 562 1877 deliciarum,
587 1830 662 1871 sed
693 1844 792 1870 usus
822 1828 1089 1885 jejuniorum
1115 1845 1124 1869 ε
1155 1843 1239 1870 non
1283 1827 1496 1886 privilegia
1516 1859 1526 1875 ‚
1565 1841 1649 1868 non

293 1900 410 1941 lucra
439 1915 448 1940 :
474 1899 614 1941 omnia
638 1908 855 1956 postremo
878 1899 973 1940 talia
989 1932 997 1946 ,
1020 1908 1064 1940 ut
1086 1899 1276 1941 revocari
1301 1915 1321 1940 a
1343 1897 1483 1940 studio
1499 1905 1621 1954 putes
1637 1930 1646 1943 ‚

258 1972 263 1984 ²
294 1971 396 2011 dum
422 1977 672 2011 exercentur
691 1967 840 2010 officia.
865 1968 948 2010 Sed
967 1969 1067 2010 dum
1090 1979 1311 2010 exercetur
1334 1968 1538 2015 officium,
1559 1975 1650 2008 stu-

293 2040 408 2081 dium
432 2048 700 2097 provocatur.
729 2039 823 2081 Suis
841 2039 1008 2080 castitas
1033 2040 1275 2080 cumulatur
1291 2038 1532 2094 dispendiis.
1555 2037 1648 2079 Non

292 2120 356 2153 est
376 2111 611 2167 virginitas,
635 2125 726 2166 quae
746 2109 880 2166 pretio
903 2110 1059 2150 emitur
1074 2141 1084 2157 ‚
1105 2124 1189 2150 non
1212 2109 1378 2151 virtutis
1395 2108 1534 2150 studio
1556 2123 1648 2164 pos—

292 2180 452 2222 sidetur
478 2195 487 2221 :
513 2195 599 2221 non
622 2188 684 2221 est
706 2179 921 2236 integritas
940 2194 1219 2236 quaecumque
1244 2180 1284 2220 in
1309 2179 1503 2221 auctione
1523 2193 1648 2220 num—

291 2251 424 2293 mario
459 2251 510 2292 ad
541 2259 707 2307 tempus
745 2250 931 2292 licitatur
964 2251 1234 2307 compendio.
1272 2250 1411 2291 Prima
1447 2249 1648 2291 castitatis

288 2319 463 2362 victoria
493 2327 554 2361 est
593 2318 843 2361 facultatum
886 2319 1137 2375 cupiditates
1174 2319 1368 2367 vincer03
1405 2319 1501 2375 quia
1538 2319 1647 2361 lucri

290 2391 476 2433 studium
502 2397 811 2431 tentamentum
834 2389 1012 2446 pudoris
1044 2398 1118 2431 est.
1146 2389 1357 2445 Ponamus
1377 2396 1517 2430 tamen
1543 2388 1645 2429 suh-

282 2461 386 2503 sidia
414 2458 654 2517 largitatum
687 2459 944 2501 conferenda
985 2459 1232 2516 virginibus,
1261 2460 1367 2510 Quae
1394 2458 1647 2500 Christianis

279 2544 457 2574 munera
470 2528 934 2581 redundabuntPQuod
952 2537 1090 2572 tantas
1104 2544 1204 2587 opes
1219 2527 1403 2572 sufficiet
1420 2526 1648 2570 aerarium?
