1774 3158
321 208 397 254 104
862 219 893 245 s.
933 217 1122 244 AMssnosu

313 296 448 336 refusa
480 295 619 341 fuerit,
650 294 925 336 reviviscere?
957 295 1117 336 Clamat
1150 295 1375 351 Apostolus
1397 312 1436 335 z«
1457 295 1660 338 'Nolumus

315 379 416 405 »vos
444 364 651 420 ignorare,
682 363 844 411 fratres,
880 364 931 405 de
961 365 1292 412 dormientibus;
1335 374 1380 406 ut
1414 381 1497 406 non
1531 366 1667 406 tristes

316 451 331 471 n
347 432 452 479 sitis,
471 432 580 473 sicut
600 441 641 474 et
658 434 795 475 caetcri
817 434 887 490 qui
910 449 1025 490 spem
1051 450 1133 474 non
1156 434 1323 476 habent.
1353 435 1455 476 Nam
1480 435 1511 475 si
1537 434 1669 475 credi-

316 516 439 542 »mus
469 503 581 556 quod
600 501 721 543 Jesus
751 511 944 544 mortuus
966 511 1043 549 est,
1073 511 1114 543 et
1136 504 1385 549 resurrexim
1412 505 1465 544 ita
1489 512 1531 545 ct
1557 504 1668 561 Deus

319 572 438 613 »illos
470 573 540 628 qui
576 573 838 613 dormierunt
873 587 946 629 per
976 572 1146 622 Jewm,
1184 575 1366 615 adducet
1400 589 1497 615 cnm
1533 574 1621 615 eo¹.
1644 592 1658 612 n

317 643 456 685 Manet
477 658 575 699 ergo
594 659 664 685 eos
692 644 791 690 vita,
816 658 920 699 quos
942 653 1082 685 manet
1106 644 1373 686 resurrectio.

376 714 504 756 XLV.
541 715 665 765 Quod
700 715 730 755 si
763 722 922 770 gentes,
958 729 1049 769 qua?
1085 729 1200 770 spem
1234 714 1555 756 resurrectionis
1588 729 1671 755 non

318 784 492 831 habent,
516 784 596 825 hoc
621 799 705 825 uuo
724 799 767 826 se
792 785 1078 833 consolantur,
1099 785 1213 840 quod
1232 784 1373 826 dicant
1397 785 1511 840 quod
1534 785 1672 825 nullus

321 863 414 910 post
439 862 619 895 mortem
649 869 794 896 sensus
828 854 880 896 sit
910 855 1220 902 defunctorum,
1247 870 1293 896 ac
1322 870 1397 912 per
1424 855 1506 896 hoc
1533 855 1672 896 nullus

321 934 538 967 remaneat
554 941 700 967 sensus
718 926 896 968 doloris:
913 935 1068 982 quanto
1091 926 1222 982 magis
1246 941 1320 967 nos
1343 925 1673 967 consolationem

321 994 510 1052 recipere
536 996 762 1044 debemus3
787 996 883 1052 quia
911 1010 1021 1038 mors
1045 997 1269 1037 metuenda
1294 1010 1378 1037 non
1401 995 1470 1043 sit,
1489 1009 1537 1036 eo
1562 994 1675 1050 quod

322 1067 416 1109 finis
439 1068 491 1109 sit
520 1076 791 1124 peccatorum
809 1083 818 1108 ε
836 1068 916 1108 vita
939 1076 1079 1109 autem
1104 1068 1361 1122 desperanda
1385 1081 1466 1107 non
1493 1065 1561 1113 sit,
1585 1079 1676 1121 quae

323 1137 631 1178 resurrectione
660 1137 908 1193 reparatur?
929 1136 1011 1178 Job
1036 1152 1204 1193 quoque
1234 1138 1356 1178 docet
1386 1151 1464 1177 nec
1496 1143 1674 1177 mortem

327 1208 572 1255 timendam,
603 1216 644 1248 et
676 1208 813 1264 potius
835 1209 1061 1264 optandam
1094 1208 1186 1264 piis,
1222 1207 1366 1249 dicens
1387 1207 1609 1248 :«L⁷tinam
1634 1206 1676 1247 in

324 1278 517 1320 »inferno
546 1294 614 1320 me
636 1279 884 1325 custodires,
915 1287 956 1320 et
981 1279 1261 1320 absconderes
1291 1277 1376 1326 me,
1409 1279 1543 1319 donec
1571 1277 1678 1319 miti-

324 1367 339 1388 »
355 1358 475 1406 getur
501 1349 557 1390 ira
583 1358 668 1397 tna,
697 1357 739 1390 et
763 1349 993 1390 constituas
1016 1349 1118 1390 mihi
1145 1357 1324 1405 tempus,
1349 1349 1390 1389 in
1413 1363 1495 1405 quo
1518 1362 1680 1389 memor

325 1420 409 1461 nsis
441 1419 535 1461 mei.
566 1418 606 1460 Si
631 1419 743 1461 enim
772 1427 963 1461 mortuus
997 1419 1121 1460 fuerit
1149 1419 1292 1466 homo,
1322 1419 1441 1460 vivet.
1479 1420 1680 1459 Consum-

326 1510 340 1528 »
357 1505 474 1531 mans
499 1489 585 1530 dies
607 1489 699 1530 vitae
717 1504 820 1530 mese
837 1489 1067 1537 sustinebo,
1093 1490 1227 1530 donec
1250 1489 1401 1530 iterum
1423 1486 1534 1529 fiam.
1562 1487 1681 1528 Tunc

328 1577 342 1597 n
358 1558 543 1606 vocabis,
567 1567 608 1599 et
627 1573 703 1615 ego
725 1558 803 1599 tibi
823 1559 1018 1600 obediam
1034 1573 1182 1616 :opera
1202 1567 1339 1600 autem
1358 1565 1569 1598 'manuum
1594 1564 1682 1597 tua-

331 1648 346 1668 »
361 1644 452 1670 rum
476 1644 528 1670 ne
553 1627 799 1685 despicias2.
821 1647 836 1667 n

388 1700 534 1743 XLVI.
572 1700 672 1741 Esto
690 1709 846 1748 tamen,
868 1699 1094 1741 dolendum
1114 1699 1165 1741 sit
1183 1701 1294 1756 quod
1311 1700 1507 1757 primaeva
1531 1697 1683 1740 obierit

329 1776 473 1816 aeiate3
497 1769 793 1825 gratulandum
823 1776 964 1809 tamen
991 1769 1103 1824 quod
1127 1768 1329 1809 virtutum
1362 1766 1579 1824 stipendiis
1610 1781 1682 1808 ve-

332 1842 501 1878 teranus
525 1837 763 1879 decesserit.
787 1837 917 1879 Tanta
939 1838 1048 1878 enim
1068 1838 1146 1879 fuit
1162 1837 1401 1879 emendatio
1425 1837 1516 1878 vitae
1533 1836 1623 1892 ejus
1642 1836 1682 1877 in

330 1908 400 1949 illo
439 1907 636 1949 omnibns
672 1907 837 1951 lubrico
873 1907 1161 1950 adolescentiae
1195 1917 1409 1965 tempore,
1446 1917 1559 1949 tanta
1593 1909 1682 1949 laus

327 1993 494 2019 morum
519 1978 625 2033 ejus,
649 1987 692 2019 ut
711 1993 881 2019 omnem
899 1980 1150 2020 memoriam
1168 1979 1322 2020 doloris
1340 1980 1537 2021 obducat.
1558 1978 1684 2029 Quod

330 2048 442 2087 enim
470 2047 591 2094 obiit,
624 2047 855 2104 fragilitatis
881 2049 1101 2104 est:quod
1128 2048 1218 2089 talis
1251 2048 1342 2096 fuit,
1375 2048 1678 2089 admirationis.

334 2117 472 2167 Quam
493 2117 612 2157 beata
632 2116 776 2158 fuisset
803 2117 1056 2174 respublica,
1078 2117 1111 2158 si
1127 2133 1224 2159 eum
1252 2117 1407 2159 diutius
1429 2132 1595 2159 servare
1616 2132 1686 2173 po·

336 2187 482 2228 tuisset
499 2187 608 2243 (40st
630 2187 713 2229 Sed
729 2188 826 2244 quia
844 2188 925 2229 vita
947 2195 1190 2230 sanctorum
1213 2203 1295 2229 non
1314 2189 1382 2230 hic
1403 2188 1443 2229 in
1463 2188 1581 2230 terris
1605 2195 1684 2235 est,

335 2258 406 2299 sed
422 2257 461 2298 in
480 2259 604 2304 coelo3
631 2258 766 2314 (justis
780 2277 795 2297 ι
808 2259 930 2300 Enim
948 2259 1084 2301 vivere
1099 2259 1305 2306 Christus,
1322 2268 1362 2301 et
1376 2260 1483 2302 mori
1499 2261 1682 2308 lucrum,

330 2327 454 2382 »quia
471 2327 636 2368 dissolvi
660 2336 702 2369 et
724 2342 821 2370 cum
838 2328 1005 2371 Christo
1028 2344 1117 2370 esse
1141 2331 1274 2371 multo
1299 2328 1513 2383 melius³‚)
1537 2329 1686 2370 dolen-

337 2397 437 2438 dum
459 2405 520 2438 est
543 2400 657 2454 quod
674 2399 794 2441 nobis
817 2400 899 2442 cito
917 2408 1059 2457 raptus
1084 2400 1149 2449 sit,
1172 2400 1474 2442 consolandum
1499 2399 1611 2456 quod
1636 2399 1687 2441 ad

333 2467 506 2508 meliora
525 2469 748 2511 transierit.

376 2555 383 2568 ¹
408 2557 417 2577 1
437 2546 548 2585 Thess,
569 2558 613 2585 iv,
635 2558 682 2584 ια,
702 2548 753 2580 15.
769 2566 807 2573 -
827 2556 836 2570 ³
865 2548 942 2582 Job.
958 2550 1093 2587 11v‚13‚
1118 2550 1168 2588 ¹4·
1184 2569 1222 2576 -
1238 2552 1252 2576 ³
1271 2551 1390 2595 Philip.
1403 2562 1427 2591 ι,
1445 2562 1479 2585 a!
1496 2557 1529 2585 et
1546 2552 1595 2583 25.
