1774 3158
308 246 389 294 400
854 255 887 284 S.
928 256 1119 284 Annaosn

364 335 415 376 ΙΙ.
456 332 580 375 Vides
610 330 864 374 divisiones?
901 332 1015 376 Nihil
1051 333 1093 373 in
1130 333 1417 374 sacerdotibus
1441 333 1651 390 plebeium

303 403 483 460 requiri,
508 402 612 444 nihil
638 402 841 458 populare
859 435 868 449 ,
891 403 996 444 nihil
1012 416 1237 443 commune
1254 417 1349 443 cum
1376 404 1513 445 studio
1531 412 1654 460 atque

301 490 379 516 usu
403 482 443 515 et
467 472 655 514 moribus
679 471 905 513 inconditae
927 471 1247 513 multitudinis?
1272 471 1463 513 Sobriam
1483 488 1504 514 a
1523 474 1655 516 turbis

299 545 544 603 gravitatem
567 575 576 590 ,
602 542 754 583 seriam
775 541 900 584 vitam
917 574 926 589 ,
957 543 1170 597 singulare
1189 542 1352 598 pondus
1377 543 1553 600 dignitas
1578 545 1656 586 sibi

302 615 488 657 vindicat
529 612 810 655 sacerdotalis.
851 612 1074 663 Quomodo
1108 611 1218 653 enim
1246 613 1612 667 potestobservari
1636 630 1657 656 a

304 687 482 744 populo,
510 683 580 740 qui
602 682 706 724 nihil
722 682 852 723 habet
873 689 1083 722 secretum
1104 696 1122 722 a
1147 682 1302 738 populo
1319 715 1329 729 ‚
1353 682 1490 739 dispar
1506 698 1526 724 a
1546 684 1658 724 mul-

306 754 522 798 titudine?
542 754 656 805 Quid
680 751 793 794 enim
813 751 853 792 in
878 759 918 793 te
934 751 1117 792 'miretur
1132 783 1142 799 ‚
1169 750 1199 792 si
1218 767 1290 792 sua
1309 751 1350 792 in
1372 759 1413 793 te
1432 767 1659 810 recognos-

302 833 394 874 cat,
419 824 452 865 si
474 823 578 865 nihil
602 823 702 863 inte
724 821 924 878 aspiciat,
947 822 1063 878 quod
1086 821 1196 863 ultra
1219 836 1260 862 se
1283 821 1491 870 inveniat,
1510 823 1543 864 si
1565 838 1658 880 quae

302 896 345 939 in
357 911 400 938 se
411 893 639 940 erubescit,
656 892 697 933 in
718 900 757 933 te
775 906 900 947 quem
915 892 1193 933 reverendum
1213 892 1438 934 arbitratur
1450 892 1657 935 offendat?

362 967 435 1007 111.
470 961 850 1020 supergrediamur
867 960 994 1016 igitur
1012 961 1196 1018 plebeias
1210 962 1425 1017 opiniones
1444 995 1453 1011 ‚
1472 971 1514 1005 et
1530 972 1658 1006 strata

303 1038 495 1094 quaedam
516 1033 693 1090 gregalis
716 1031 1072 1079 conversationis,
1118 1046 1164 1073 ac
1193 1032 1355 1074 detritae
1394 1034 1467 1075 viae
1499 1034 1658 1076 orbitas

305 1106 586 1151 declinemus,
612 1117 659 1145 ac
680 1101 862 1158 vulgaris
891 1101 1047 1143 semitae
1068 1103 1229 1150 solum,
1255 1118 1380 1158 quam
1414 1104 1544 1145 currit
1572 1104 1659 1153 ille,

303 1177 424 1233 cujus
448 1175 530 1217 vita
551 1173 684 1216 levior
706 1186 880 1213 cursore
898 1204 908 1221 ,
929 1172 982 1212 de
1016 1187 1099 1228 quo
1124 1171 1279 1214 dicitur
1296 1187 1305 1214 :
1323 1190 1337 1210 α
1357 1173 1563 1215 Transivit:
1584 1206 1596 1223 ,
1619 1182 1663 1216 et.

302 1263 418 1290 »non
438 1244 580 1288 vidit¹.
597 1263 612 1283 »
636 1242 720 1285 Sed
760 1257 997 1299 quaeramus
1020 1243 1141 1284 nobis
1164 1243 1272 1285 viam
1296 1243 1554 1286 inaccessam
1577 1260 1663 1287 ser-

302 1317 499 1360 monibus
512 1314 802 1361 insolentium,
818 1312 972 1354 inviam
989 1313 1188 1370 operibus
1212 1313 1520 1370 imperitorum,
1534 1330 1660 1371 quam

301 1388 443 1430 nullus
466 1386 706 1428 maculosus
734 1384 924 1432 deterat,
951 1384 1190 1425 maculosus
1208 1384 1369 1426 scilicet
1390 1385 1561 1442 ignaviae
1578 1401 1661 1428 suae

296 1458 514 1504 sordidus,
538 1464 579 1497 et
603 1455 718 1496 sumo
743 1453 974 1509 iniqnitatis
1002 1454 1182 1502 oblitus,
1213 1455 1484 1511 tenebrisque
1503 1463 1544 1496 et
1580 1470 1662 1512 pa-

300 1527 460 1569 rietinis
483 1525 736 1582 quibusdam
760 1522 909 1564 animae
933 1523 1129 1565 ruinosus
1149 1556 1159 1572 ,
1186 1523 1256 1579 qui
1296 1525 1457 1566 nullam
1494 1524 1661 1567 virtutis

303 1598 550 1640 suavitatem
582 1593 834 1652 gustaverit,
867 1602 938 1635 aut
977 1602 1091 1635 corte
1128 1594 1236 1635 limis
1264 1609 1357 1636 eam
1390 1596 1661 1651 spectandam

302 1669 434 1726 magis
463 1681 586 1724 quam
615 1665 776 1706 directo
801 1662 952 1705 affectu
970 1697 979 1711 ‚
1003 1672 1045 1705 et
1069 1673 1212 1721 aperto
1242 1665 1335 1705 sinu
1360 1665 1510 1706 mentis
1533 1665 1662 1707 susci-

303 1737 498 1798 piendam
520 1735 747 1777 arbitratus
770 1734 822 1775 sit
840 1742 906 1775 :et
933 1733 1063 1790 (quod
1086 1734 1274 1791 plerique
1297 1743 1463 1784 amant,
1489 1735 1560 1791 qui
1582 1735 1662 1776 sibi

300 1809 424 1852 faceti
457 1816 581 1863 atque
615 1804 765 1846 urbani
799 1804 1015 1853 videntur,
1050 1804 1410 1861 pulchritudinem
1448 1805 1661 1862 sapientiae

302 1882 344 1923 in
369 1881 551 1923 dedecus
578 1876 772 1919 versutiae
805 1874 1173 1932 transfigurantes)
1205 1891 1344 1917 veram
1376 1891 1460 1917 non
1493 1877 1660 1917 intuens

303 1951 501 2010 gratiam,
522 1956 721 2004 tanquam
747 1946 789 1987 in
811 1955 936 1988 nocte
963 1947 1124 2003 positus
1142 1978 1152 1994 ,
1178 1960 1262 1987 non
1285 1946 1420 1987 credit
1442 1946 1483 1987 in
1507 1946 1573 1987 die
1598 1945 1660 1987 vi-

303 2020 497 2064 ventibus
517 2035 528 2067 ;
555 2017 651 2073 quia
669 2017 721 2057 de
742 2031 920 2057 numero
939 2016 1256 2058 Themanorum
1275 2024 1316 2057 et
1334 2015 1576 2057 Sabaeorum
1599 2025 1660 2058 ost:

302 2088 589 2135 deficientium
608 2095 650 2129 et
673 2086 951 2127 avertentium
971 2101 1014 2127 se
1037 2101 1058 2127 a
1085 2086 1260 2128 veritate
1275 2118 1285 2134 ‚
1307 2087 1357 2127 de
1379 2087 1529 2142 quibus
1559 2086 1660 2128 dicit

302 2161 382 2203 Job
413 2175 454 2201 :«
481 2157 633 2201 Videte
656 2156 741 2197 vias
765 2156 1079 2198 Themanorum
1095 2189 1105 2204 ,
1131 2164 1172 2197 ct
1199 2156 1365 2197 semitas
1389 2156 1658 2206 Sabaeorum3

303 2251 318 2272 »
333 2231 429 2288 quia
458 2227 750 2271 confusionem
775 2225 963 2267 incident
984 2258 994 2274 ,
1021 2226 1092 2282 qui
1119 2226 1160 2267 in
1184 2226 1423 2269 civitatibus
1444 2235 1485 2268 et
1506 2227 1657 2270 divitiis

301 2316 447 2359 »spem
473 2299 641 2342 habent.
670 2297 735 2339 Ita
757 2304 800 2338 et
820 2310 895 2338 vos
923 2296 1202 2338 insurrexistis
1228 2297 1269 2338 in
1287 2312 1355 2339 me
1381 2297 1468 2340 sine
1491 2298 1657 2340 miseri-

302 2392 317 2413 »
333 2371 500 2418 eordia;
526 2369 638 2410 unde
659 2367 745 2409 viso
766 2367 939 2408 vulnere
961 2381 1055 2408 meo
1072 2399 1082 2415 ,
1108 2366 1293 2408 timete2.
1319 2385 1334 2406 »

356 2440 425 2484 IV.
461 2439 544 2482 Has
578 2437 704 2495 igitur
735 2435 874 2479 devias
912 2436 1079 2478 semitas
1110 2435 1439 2486 declinantium,
1464 2445 1506 2479 et
1536 2436 1655 2479 illum

299 2508 587 2556 deficientium
623 2507 866 2565 pulverem,
907 2506 979 2564 qui
1014 2514 1189 2567 propter
1222 2521 1341 2552 suam
1370 2506 1653 2566 appetentiam

347 2615 355 2631 ι
378 2603 457 2639 Job.
475 2613 520 2642 ix,
539 2603 591 2637 25.
607 2618 649 2628 —
662 2610 675 2628 ο
696 2601 750 2635 ld.
768 2610 815 2641 vi,
836 2611 888 2644 19,
904 2605 935 2634 et
946 2610 1039 2644 seqq.
