1774 3158
294 219 379 274 466
800 230 1134 260 ANNOTATIONES.

291 312 506 357 beneficiis
535 327 556 354 a
584 311 673 354 Deo
696 310 972 369 impetrandis
990 318 1233 352 sanctorum
1254 309 1558 367 patrocinium,
1579 309 1643 352 lo-

292 384 600 441 cupletissimus
633 375 748 424 testis
780 391 842 424 est
864 381 1129 425 Ambrosius.
1159 380 1313 423 Confer
1332 396 1429 424 cum
1446 380 1528 423 hoc
1549 382 1643 423 loco

296 456 422 498 alium
462 470 590 512 quam
631 453 890 495 simillimum
919 453 961 495 in
1002 452 1190 495 Exhorc.
1223 452 1425 512 Vir-gin„
1459 467 1550 510 cap.
1590 451 1641 502 3,

296 540 411 567 num.
451 527 512 566 15.
547 523 712 575 Quibus
746 523 911 565 addesis
939 523 1064 564 etiam
1090 537 1182 578 quae
1208 523 1259 564 de
1282 523 1546 565 invocatione
1571 536 1645 564 eo-

294 597 491 639 rumdem
516 603 758 637 sanctorum
774 627 784 643 ‚
809 593 881 636 lib.
913 594 964 635 de
989 594 1173 642 Viduis,
1198 608 1288 651 cap.
1313 609 1362 651 9,
1388 595 1644 636 traduntura

296 668 420 709 beato
443 666 642 709 Doctore.

681 816 929 845 ANNOTATIO
964 801 1025 857 (3)
1062 816 1154 859 pag.
1200 815 1262 843 xo.

351 942 397 984 ln
421 942 535 983 hunc
563 941 705 982 locum
740 939 934 980 observat
966 937 1153 980 Nannius
1183 936 1454 979 Ambrosium
1483 937 1551 979 hic
1571 937 1644 980 de-

291 1020 453 1054 certare
477 1025 574 1052 cum
595 1009 755 1066 Virgilii
786 1011 931 1059 luctu„
950 1017 990 1050 et
1013 1008 1051 1048 in
1076 1022 1196 1064 prosa
1221 1007 1306 1064 ipsa
1333 1022 1531 1064 superare
1554 1022 1646 1048 car·

288 1082 412 1123 minis
435 1081 624 1138 gratiam.
653 1079 779 1131 Quod
810 1088 950 1120 autem
980 1079 1095 1120 addit
1119 1077 1316 1119 cumdem
1342 1094 1380 1119 sa
1393 1086 1536 1119 netum
1561 1093 1646 1119 non

297 1161 489 1195 secutum
515 1151 584 1192 hic
605 1166 694 1192 esse
722 1164 888 1193 errores
927 1148 1146 1205 gentilium
1164 1180 1174 1198 ‚
1199 1147 1267 1204 qui
1290 1163 1339 1189 ex
1370 1147 1647 1205 Pythagorica

290 1221 645 1279 metempsychosi
666 1220 883 1261 morientis
905 1219 1087 1260 animam
1104 1219 1386 1275 exceptabant
1407 1218 1538 1261 hianti
1556 1233 1645 1269 ore,

291 1294 407 1351 quasi
435 1293 525 1349 ejus
558 1291 707 1349 spiritu
747 1291 922 1348 posthac
952 1289 1131 1338 victuri3
1164 1290 1267 1332 nihil
1297 1304 1395 1331 sane
1419 1281 1555 1331 verius
1579 1290 1648 1331 illa

289 1365 440 1409 Nannii
463 1364 687 1421 opinione,
713 1377 810 1405 cum
840 1361 937 1403 alias
969 1376 1114 1403 causas
1143 1361 1390 1403 Ambrosius
1424 1360 1647 1403 confestim

293 1436 460 1478 subdat.
482 1434 705 1491 Virgiliana
729 1448 827 1474 vero
851 1433 1035 1474 carmina
1052 1467 1061 1481 ,
1088 1448 1179 1489 quae
1201 1432 1270 1474 ille
1294 1432 1442 1482 refert,
1472 1446 1651 1490 sequen-

297 1507 351 1549 tia
371 1514 492 1554 sunt,
517 1504 680 1547 AEneid.
708 1504 780 1546 lib.
807 1518 861 1553 lv,
888 1518 978 1544 vers
1003 1504 1087 1555 684
1110 1518 1119 1545 :

411 1637 467 1643 —
485 1612 543 1653 Et
564 1620 783 1652 extremus
804 1609 956 1664 siquis
970 1623 1099 1665 super
1118 1607 1282 1650 halitus
1304 1618 1398 1650 erat
1413 1640 1424 1659 ‚

413 1682 499 1723 Ore
520 1682 673 1740 legam.

292 1785 521 1843 Subjungit
551 1793 593 1827 et
626 1784 727 1826 alios
765 1783 888 1825 Statii
915 1797 1059 1824 versus
1091 1798 1114 1824 e
1144 1783 1216 1825 lib.
1256 1798 1314 1832 11,
1353 1781 1532 1840 Sylvar.
1579 1782 1653 1824 sed

293 1857 486 1900 eamdem
514 1855 767 1897 sententiam
789 1855 913 1911 plane
937 1852 1171 1896 efferentes.
1203 1853 1247 1896 Si
1272 1854 1363 1910 quis
1393 1861 1533 1895 autem
1551 1852 1653 1894 alios

295 1937 486 1970 veterum
507 1927 611 1969 ritus
632 1926 716 1968 cira
735 1926 986 1968 amorientcs
1013 1933 1105 1967 avet
1126 1940 1403 1983 cognoscere,
1428 1925 1548 1967 adeat
1563 1924 1647 1966 Jos.

295 1997 512 2041 Laurentii
530 1997 861 2055 ΡοζγηιαιΙιίανη
876 2030 886 2046 ,
909 1997 980 2038 lib.
1005 2010 1066 2038 ιιι.
1091 1996 1283 2054 Synopsi
1301 2011 1343 2052 9,
1369 1995 1476 2038 sicut
1495 2003 1539 2037 et
1557 2008 1653 2036 auc-

295 2078 407 2114 tores
430 2070 482 2112 ab
500 2070 650 2112 eodem
668 2068 753 2111 illic
777 2068 941 2111 citatos.

687 2220 932 2249 ANNOTATIO
968 2205 1028 2263 (4)
1064 2220 1156 2263 pag.
1201 2220 1263 2247 ιι.

358 2348 485 2400 Quod
505 2344 777 2403 praemittitur
793 2344 844 2385 de
861 2342 1030 2385 fabricis
1043 2343 1256 2392 Ecclesiae‚
1277 2345 1327 2386 de
1339 2345 1654 2387 constructione

301 2417 619 2476 intelligendum
633 2425 694 2457 est
708 2415 816 2457 illius
827 2413 1025 2462 basilicae,
1037 2429 1161 2470 quam
1175 2413 1246 2456 Vir
1255 2423 1423 2457 sanctus
1432 2415 1655 2458 Mediolani

298 2489 557 2540 construxit,
583 2497 624 2532 et
640 2487 831 2531 eamdem
853 2500 942 2527 esse
961 2486 1013 2527 ad
1033 2486 1253 2543 epistolam
1276 2501 1383 2536 xxn,
1399 2494 1658 2530 annotarunt

297 2563 496 2613 Mam-ini,
517 2561 643 2620 cujus
668 2560 718 2603 ab
736 2574 787 2602 eo
803 2558 961 2602 ibidem
982 2557 1200 2613 fitmentio
1223 2559 1275 2602 ad
1291 2573 1333 2602 n.
1359 2575 1396 2602 2.
1413 2558 1514 2616 Ejus
1531 2559 1658 2605 etiam
