1774 3158
325 214 412 265 416
871 224 903 252 s,
941 222 1133 251 AMBssosu

327 305 531 359 templum
568 299 799 350 aedificare,
841 301 911 356 qui
941 300 1056 355 quasi
1091 300 1185 340 serae
1217 314 1263 340 ae
1301 300 1442 341 bestiae
1464 300 1505 341 in
1533 303 1680 358 spelaea

327 373 509 415 serarum
541 380 582 411 et
605 370 836 411 bestiarum
876 370 1050 411 latibula
1091 384 1179 410 sese
1220 378 1459 426 receptant,
1490 379 1613 426 atque
1639 371 1680 411 in

326 443 465 485 foveas
497 457 539 483 se
568 441 825 497 serpentium
849 455 966 481 more
998 441 1272 496 demergunt,
1307 449 1346 481 et
1380 441 1684 482 consuetudine

326 514 603 555 sraudulentae
628 510 760 566 vulpis
779 509 1022 551 infodiunt?

391 582 474 623 vll.
513 580 596 622 Sed
621 595 699 622 nec
723 581 963 636 sepulcrum
996 579 1075 620 sibi
1108 580 1277 626 condit,
1304 579 1372 635 qui
1399 587 1494 621 ante
1521 589 1685 638 tempus

328 652 530 699 moritum
575 651 716 692 vivens
748 650 860 691 enim
896 658 1088 691 mortuus
1118 649 1202 690 est¹
1234 664 1242 689 ε
1277 663 1354 690 nec
1394 649 1508 691 audit
1538 664 1687 692 vocem

331 723 494 781 Aggaei,
515 722 557 763 id
578 730 666 770 est,
698 720 905 778 epulantis
922 753 931 771 ‚
957 729 1003 761 ut
1032 719 1324 777 interpretatio
1355 720 1561 767 declarat3
1587 735 1689 776 quo-

329 794 442 836 niam
475 807 560 833 non
592 791 826 847 ingreditur
856 791 1176 832 tabernaculum
1198 790 1303 838 Dei,
1326 808 1341 826 α
1363 791 1410 830 In
1442 804 1545 832 voce
1578 791 1690 832 exul-

331 863 532 906 »tationis
561 870 604 903 et
635 860 933 909 confessionis,
969 875 1094 902 sonus
1128 859 1383 916 epulantis2.
1412 879 1427 899 n
1464 861 1690 911 Quomodo

332 937 445 978 enim
461 948 608 975 vocem
632 932 723 988 ejus
742 933 878 984 audit,
896 932 968 988 qui
991 947 1116 988 opera
1146 931 1235 987 ejus
1260 947 1343 972 nou
1367 925 1516 974 videt?
1534 932 1638 974 Nam
1658 932 1693 973 si

332 1007 519 1052 videret,
545 1003 707 1044 audiret
729 1002 906 1044 verbum
922 1035 931 1050 ‚
952 1004 1065 1057 quod
1094 1002 1134 1042 in
1158 1001 1249 1057 ejus
1272 1017 1398 1042 manu
1419 1002 1577 1043 sactum
1601 1010 1690 1051 est,

337 1077 567 1118 delectatus
591 1073 682 1129 ejus
710 1073 896 1121 actibus,
932 1072 1085 1127 quibus
1113 1072 1317 1128 pulsavit,
1341 1080 1383 1113 et
1411 1081 1599 1128 apertum
1632 1080 1694 1114 est

335 1147 396 1195 ci,
419 1154 458 1187 et
484 1143 700 1187 descendit
719 1143 760 1184 in
784 1143 874 1198 ejus
899 1142 1108 1191 animam3
1134 1144 1392 1199 utepuletur
1419 1143 1460 1184 in
1479 1158 1529 1184 eo
1560 1143 1694 1184 since-

336 1217 469 1261 ritatis
486 1225 528 1259 et
548 1215 731 1257 veritatis
753 1209 912 1256 cibos³.

399 1288 508 1331 VIII.
545 1286 656 1341 Ergo
677 1285 876 1341 quianon
898 1283 1077 1331 audivit,
1097 1282 1144 1324 fit
1165 1282 1318 1325 iterum
1346 1283 1388 1324 in
1406 1297 1532 1325 manu
1555 1281 1696 1340 Aggaei

340 1359 540 1404 verbum,
566 1364 607 1397 et
630 1355 732 1397 dicit
757 1370 765 1395 :
794 1354 961 1411 Surgite
982 1355 1034 1395 de
1065 1354 1218 1395 caelatis
1246 1362 1287 1394 et
1311 1353 1517 1410 depressis
1539 1353 1698 1394 malitia

343 1428 555 1477 domibus,
569 1435 610 1467 et
628 1426 841 1467 ascendite
861 1426 899 1466 in
917 1436 1105 1465 montem
1117 1423 1430 1480 Scripturarum
1445 1424 1696 1472 coelestium,

342 1509 383 1542 et
410 1499 556 1540 caedite
582 1497 744 1553 lignum
776 1495 1013 1552 sapieutiae,
1039 1494 1197 1551 liguum
1223 1494 1341 1543 vitae‚
1375 1495 1534 1551 lignum
1562 1495 1702 1551 cogni·

344 1568 492 1611 tionis¹⁴
527 1583 536 1608 :
563 1575 604 1608 et
632 1566 797 1622 dirigite
821 1565 906 1606 vias
934 1573 1115 1611 vestras,
1143 1563 1335 1605 ordinate
1369 1573 1485 1605 actus
1516 1573 1699 1613 vcstr053

345 1649 391 1681 ut
420 1638 600 1680 habeant
629 1636 821 1677 ordinem
852 1650 975 1676 suum
1015 1635 1230 1683 debitum,
1267 1634 1338 1690 qui
1373 1636 1634 1677 necessarius
1661 1643 1704 1677 et

347 1710 457 1752 utilis
484 1717 545 1749 est
567 1708 618 1748 ad
640 1705 930 1747 aedificandam
955 1704 1122 1746 Domini
1144 1707 1330 1746 domum.

406 1779 481 1822 IX.
519 1778 621 1821 Nam
658 1777 690 1818 si
717 1791 801 1818 non
832 1776 1040 1824 feceritis,
1067 1793 1080 1814 a
1111 1776 1198 1818 Nec
1227 1777 1380 1817 coelum
1415 1777 1531 1818 dabit
1561 1791 1702 1818 rorem

349 1871 364 1893 >›
380 1849 546 1897 suum‘,
570 1848 643 1889 »id
664 1856 750 1896 est,
775 1862 913 1889 sermo
937 1847 1116 1888 coelestis
1132 1879 1141 1894 ‚
1167 1847 1238 1902 qui
1260 1846 1368 1888 sicut
1395 1862 1462 1888 ros
1488 1847 1705 1889 descendit

350 1937 474 1979 super
491 1922 647 1962 soeuum
661 1952 671 1967 ,
691 1934 775 1961 non
794 1918 1047 1975 temperabit
1064 1917 1242 1958 fervidos
1262 1918 1544 1974 corporalium
1565 1927 1705 1960 motus

349 1993 618 2051 passionum3
649 2005 728 2031 nee
752 1988 880 2046 ignita
902 1988 1132 2044 restinguet
1163 1988 1420 2028 diversarum
1446 1988 1605 2043 spicula
1637 2003 1707 2029 cu-

350 2065 573 2122 piditatum
600 2076 609 2102 :
635 2079 650 2099 «
676 2060 762 2103 Nec
790 2068 902 2101 terra
935 2058 1050 2115 ejus,
1082 2077 1095 2097 ι)
1127 2058 1168 2099 id
1192 2066 1277 2105 est,
1303 2059 1437 2099 anima
1458 2092 1467 2107 ‚
1499 2077 1513 2097 «
1542 2060 1705 2101 fructus

352 2154 367 2173 n
383 2133 518 2180 dabit3
539 2147 616 2172 »eo
635 2131 749 2186 quod
774 2137 957 2177 arescat,
978 2129 1052 2169 nisi
1075 2129 1286 2184 repleatur
1305 2128 1461 2186 irriguo
1481 2130 1595 2170 verbi
1612 2129 1705 2178 Dei,

352 2213 389 2246 et
410 2202 686 2260 perfundatur
710 2214 803 2241 rore
822 2199 978 2240 coelesti
996 2231 1005 2246 ‚
1028 2197 1222 2254 spiritaiis
1245 2198 1438 2239 ubertate
1456 2200 1611 2255 gratiae.

407 2274 461 2316 X.
500 2273 550 2313 Et
579 2271 672 2327 quia
693 2270 852 2311 sciebat
869 2269 1032 2310 desides
1053 2284 1141 2310 csso
1162 2269 1398 2310 habitantes
1414 2270 1454 2310 iu
1475 2270 1704 2328 hypogaeis,

352 2353 394 2387 et
420 2344 680 2399 voluptatum
708 2340 932 2397 gurgustiis
955 2355 964 2380 ι
989 2357 1003 2376 α
1029 2340 1231 2381 Excitabo
1250 2372 1258 2386 ‚
1293 2340 1452 2396 iuquit,
1484 2342 1562 2382 illis
1594 2343 1710 2399 spiri-

353 2434 368 2456 »
385 2424 472 2458 tum
494 2411 731 2456 Zorobabel
750 2412 801 2452 de
824 2411 936 2452 tribu
955 2410 1063 2452 Juda
1082 2443 1091 2462 ,
1112 2419 1153 2452 et
1175 2411 1550 2454 JesunJJosedccl1
1569 2427 1711 2454 sacer-

400 2526 409 2540 ·
432 2527 443 2547 1
473 2516 558 2547 Tim.
588 2525 618 2552 v,
636 2514 670 2547 6.
696 2531 738 2539 —
760 2523 772 2539 ⁸
798 2513 879 2547 Psal.
909 2524 974 2551 xm,
990 2514 1022 2548 5.
1046 2531 1084 2539 —·
1103 2515 1115 2538 ³
1144 2525 1154 2546 1
1178 2513 1257 2547 Cor.
1286 2524 1309 2553 r,
1338 2513 1371 2548 8.
1387 2532 1428 2539 —-
1445 2516 1460 2542 ⁴
1476 2515 1558 2557 Agg.
1577 2527 1600 2553 1,
1620 2515 1649 2548 8.
1670 2533 1710 2541 —

356 2575 369 2596 ὅ
391 2571 475 2604 lbid.
495 2580 542 2604 ιο.
