1774 3158
648 200 982 233 ANNOTATIONES.
1408 187 1431 228 5
1443 202 1456 228 ι
1468 187 1490 227 5

484 372 730 402 ΔΝΝοΤΔΤιο
766 357 885 413 (116)
922 371 1015 415 pag.
1058 357 1156 400 325.

206 494 299 538 Non
323 494 402 537 hac
424 501 588 535 tantum
621 493 795 552 epistola
819 493 1014 550 conjugia
1044 493 1378 537 Christianorum
1403 510 1501 537 eum

151 565 319 607 alterius
340 572 462 605 sectae
474 563 660 620 personis
676 563 998 619 proscribuntur
1020 563 1503 613 abAmbrosio,verum-

151 636 276 677 etiam
296 634 418 676 variis
442 633 630 691 priorum
653 633 914 674 voluminum
933 633 1055 681 locis,
1075 634 1276 675 nimirum
1298 635 1369 676 lib.
1391 650 1438 683 11,
1453 635 1503 676 de

152 704 499 761 Abmhmmcap.
518 720 543 761 9
558 718 675 745 num.
693 704 762 754 84.
776 701 1166 758 Εεεροεὶι.ἰπΡ.ςαί.
1181 719 1194 745 1
1212 705 1417 752 18‚serm.
1436 719 1503 754 ρο,

154 789 257 817 num
282 775 338 826 48
362 782 404 815 et
435 774 506 815 lib.
534 788 635 821 vm,
667 773 716 812 in
738 771 853 820 Luc,
881 787 997 814 num.
1033 787 1071 813 2.
1103 773 1250 830 Magna
1280 789 1379 815 vero
1403 789 1511 816 con-

157 845 359 887 troversia
380 853 442 886 est
465 845 575 886 inter
603 851 762 885 veteres
789 858 1006 899 novosque
1040 842 1313 886 scholasticos
1330 878 1339 893 ,
1368 854 1509 887 utrum

159 930 206 956 ea
234 915 373 956 cultus
388 946 399 962 ,
419 922 464 955 ut
485 922 662 961 vocant,
683 913 926 970 disparitate
944 913 1260 955 matrimonium
1277 928 1360 956 non
1386 917 1512 957 modo

159 985 496 1028 contrahendum
516 985 734 1041 impediri,
755 985 966 1026 sedetiam
986 983 1391 1041 dirimidissolvique
1409 1001 1515 1029 con-

159 1064 340 1097 tractum
368 1063 538 1097 censeat
567 1054 726 1096 Doctor
756 1063 911 1095 noster.
947 1054 1239 1096 Affirmantem
1283 1055 1515 1100 defendunt

159 1125 404 1181 opinionem
445 1125 671 1166 Gratianus
700 1124 742 1166 P.
781 1124 1070 1173 Lombarduvs,
1097 1133 1221 1180 atque
1251 1126 1318 1167 alii
1344 1140 1354 1168 t
1386 1142 1407 1168 a
1438 1143 1510 1169 ne·

159 1203 284 1251 gante
321 1202 462 1235 autem
491 1202 571 1236 stat
606 1193 913 1242 Bellarminus,
946 1194 1110 1253 Estius,
1138 1204 1177 1236 et
1213 1204 1363 1237 caetera
1392 1197 1513 1239 turba

160 1265 459 1307 recentiorum.
487 1264 538 1306 Hi
562 1279 687 1321 porro
724 1265 988 1321 potissimum
1013 1266 1227 1307 ducuntur
1251 1282 1297 1308 ea
1325 1268 1486 1310 ratione
1503 1302 1514 1317 ,

161 1336 274 1391 quod
296 1335 515 1377 haereticos
538 1349 706 1391 quoque
729 1334 770 1376 in
798 1335 993 1375 eamdem
1015 1336 1190 1377 classem
1215 1350 1312 1377 cum
1334 1337 1514 1379 ethnicis

163 1419 210 1446 ae
230 1403 386 1446 Judaeis
412 1413 533 1462 cogat
559 1404 808 1446 Ambrosius
835 1419 844 1445 τ
877 1413 1001 1460 atque
1028 1407 1131 1446 adeo
1163 1406 1516 1462 impedimentum

161 1475 265 1516 illud
296 1490 373 1516 usu
402 1469 539 1532 potius
575 1483 617 1516 et
640 1475 768 1516 tacito
793 1489 1003 1516 consensu
1029 1490 1155 1531 quam
1178 1478 1260 1518 ulla
1294 1479 1385 1533 lege
1413 1478 1510 1520 diri-

161 1559 279 1586 mens
314 1545 473 1587 factum
507 1560 597 1587 esse
629 1545 757 1587 iidem
795 1548 1074 1588 contendunt.
1112 1549 1313 1589 Fatemur
1343 1548 1515 1605 quidem

161 1631 249 1657 non
280 1624 365 1657 tam
397 1616 617 1673 perspicue
653 1617 845 1657 locutum
878 1616 956 1658 hac
988 1618 1038 1658 de
1057 1632 1101 1658 re
1134 1617 1431 1667 Ambrosium,
1470 1628 1518 1661 ut

162 1686 302 1727 nullus
336 1686 515 1743 supersit
539 1685 655 1727 dubii
679 1687 794 1727 locus
819 1701 829 1727 :
858 1694 1042 1728 attamen
1066 1687 1098 1727 si
1124 1687 1363 1730 testimonia
1388 1688 1517 1745 ipsius

162 1754 247 1812 jam
276 1755 456 1799 indicata
482 1756 662 1812 penitius
696 1755 982 1812 introspicias,
1016 1757 1156 1798 omnia
1188 1757 1399 1812 ejusmodi
1422 1774 1518 1801 con·

163 1825 390 1869 nuhiorum
418 1841 571 1883 genera
604 1827 653 1868 ab
686 1841 735 1867 eo
760 1827 818 1868 sic
842 1827 1057 1884 prohiberi
1080 1829 1338 1885 comperies,
1364 1838 1410 1871 ut
1439 1846 1516 1887 pro

163 1897 288 1937 nullis
310 1897 504 1938 habenda
537 1911 627 1938 esse
649 1896 746 1937 satis
769 1896 988 1953 significet.
1019 1898 1143 1948 Quod
1168 1913 1265 1939 vero
1290 1901 1340 1940 ad
1365 1900 1517 1956 princi-

165 1982 266 2023 pum
288 1967 633 2019 constitutiones,
656 1967 882 2009 Theodosii
911 1968 1045 2022 legem
1077 1967 1282 2010 habemus
1312 1984 1378 2011 an.
1407 1971 1514 2019 588,

149 2038 329 2095 ²datam,
356 2052 435 2094 qua
477 2037 723 2079 Christianis
751 2052 799 2079 ac
832 2037 990 2078 Judaeis
1032 2038 1141 2080 inter
1173 2054 1216 2080 se
1245 2041 1516 2083 matrimonio

147 2110 417 2158 ‚coeuntibus
439 2109 631 2151 adulterii
657 2123 825 2166 poenam
840 2141 849 2156 ‚
867 2109 948 2150 hoc
972 2117 1056 2158 est,
1081 2110 1301 2167 capitalem
1318 2144 1328 2159 ‚
1350 2113 1510 2154 indixit.

168 2179 377 2221 Caeterum
401 2189 497 2221 ante
517 2180 584 2221 illa
608 2188 797 2236 tempora
816 2179 857 2220 in
879 2181 1028 2221 eadem
1051 2195 1095 2221 re
1118 2181 1249 2223 varias
1272 2181 1393 2223 variis
1413 2183 1516 2225 locis

167 2250 492 2292 consuetudines
513 2249 725 2292 observari
750 2250 1016 2293 consuevisse
1033 2250 1236 2293 credibile
1253 2261 1330 2294 est.

505 2402 751 2432 ANNOTA'HO
790 2389 906 2444 (117)
944 2402 1037 2446 pag.
1079 2388 1176 2445 327.

158 2581 166 2587 ⁶
224 2525 412 2570 Missam
432 2525 578 2582 facere
598 2525 707 2583 περὶ
736 2539 823 2568 non
849 2525 901 2568 de
927 2524 1126 2568 missione
1156 2527 1516 2583 competentium,

1329 2600 1397 2641 33.
