<?xml version="1.0" encoding="UTF-8"?>
<!DOCTYPE html PUBLIC "-//W3C//DTD XHTML 1.0 Transitional//EN"
    "http://www.w3.org/TR/xhtml1/DTD/xhtml1-transitional.dtd">
<html xmlns="http://www.w3.org/1999/xhtml" xml:lang="en" lang="en">
 <head>
  <title>
</title>
<meta http-equiv="Content-Type" content="text/html;charset=utf-8" />
  <meta name='ocr-system' content='tesseract 3.04.00' />
  <meta name='ocr-capabilities' content='ocr_page ocr_carea ocr_par ocr_line ocrx_word'/>
</head>
<body>
  <div class='ocr_page' id='page_1' title='image "./omniaequaeextant08ambruoft_0292.png"; bbox 0 0 1774 3158; ppageno 0'>
   <div class='ocr_carea' id='block_1_1' title="bbox 270 246 1074 288">
    <p class='ocr_par' dir='ltr' id='par_1_1' title="bbox 270 246 1074 288">
     <span class='ocr_line' id='line_1_1' title="bbox 270 246 1074 288; baseline 0.014 -11"><span class='ocrx_word' id='word_1_1' title='bbox 270 258 292 283; x_wconf 86' lang='lat'>2</span> <span class='ocrx_word' id='word_1_2' title='bbox 308 246 319 278; x_wconf 60' lang='grc' dir='ltr'>ἶ</span> <span class='ocrx_word' id='word_1_3' title='bbox 333 258 354 283; x_wconf 84' lang='lat'>2</span> <span class='ocrx_word' id='word_1_4' title='bbox 812 259 842 285; x_wconf 85' lang='lat' dir='ltr'><strong>s.</strong></span> <span class='ocrx_word' id='word_1_5' title='bbox 884 259 1074 288; x_wconf 62' lang='lat' dir='ltr'><strong>AMBROSH</strong></span> 
     </span>
    </p>
   </div>
   <div class='ocr_carea' id='block_1_2' title="bbox 269 334 1640 2498">
    <p class='ocr_par' dir='ltr' id='par_1_2' title="bbox 269 334 1626 885">
     <span class='ocr_line' id='line_1_2' title="bbox 269 334 1619 394; baseline 0.006 -17"><span class='ocrx_word' id='word_1_6' title='bbox 269 334 603 392; x_wconf 74' lang='lat' dir='ltr'>deploravimus!</span> <span class='ocrx_word' id='word_1_7' title='bbox 626 335 681 377; x_wconf 85' lang='lat' dir='ltr'><strong>ita</strong></span> <span class='ocrx_word' id='word_1_8' title='bbox 703 344 749 377; x_wconf 87' lang='lat' dir='ltr'><strong>ut</strong></span> <span class='ocrx_word' id='word_1_9' title='bbox 771 337 1056 394; x_wconf 63' lang='lat' dir='ltr'><strong>lacrymarum</strong></span> <span class='ocrx_word' id='word_1_10' title='bbox 1085 338 1291 394; x_wconf 79' lang='lat' dir='ltr'><strong>profluvio</strong></span> <span class='ocrx_word' id='word_1_11' title='bbox 1307 350 1465 384; x_wconf 83' lang='lat' dir='ltr'><strong>vestem</strong></span> <span class='ocrx_word' id='word_1_12' title='bbox 1484 342 1619 385; x_wconf 74' lang='lat' dir='ltr'><strong>insun-</strong></span> 
     </span>
     <span class='ocr_line' id='line_1_3' title="bbox 270 406 1621 465; baseline 0.007 -19"><span class='ocrx_word' id='word_1_13' title='bbox 270 406 465 447; x_wconf 88' lang='lat' dir='ltr'><strong>deremus</strong></span> <span class='ocrx_word' id='word_1_14' title='bbox 486 438 497 453; x_wconf 88' lang='lat'><em>,</em></span> <span class='ocrx_word' id='word_1_15' title='bbox 527 407 626 447; x_wconf 83' lang='lat' dir='ltr'><strong>dum</strong></span> <span class='ocrx_word' id='word_1_16' title='bbox 646 407 892 450; x_wconf 85' lang='lat' dir='ltr'><strong>salutatione</strong></span> <span class='ocrx_word' id='word_1_17' title='bbox 919 409 1229 465; x_wconf 78' lang='lat' dir='ltr'><strong>exoptatissima</strong></span> <span class='ocrx_word' id='word_1_18' title='bbox 1247 443 1257 458; x_wconf 87' lang='lat'><em>,</em></span> <span class='ocrx_word' id='word_1_19' title='bbox 1283 419 1431 453; x_wconf 86' lang='lat' dir='ltr'><strong>mutuo</strong></span> <span class='ocrx_word' id='word_1_20' title='bbox 1455 412 1621 455; x_wconf 83' lang='lat' dir='ltr'><strong>deside-</strong></span> 
     </span>
     <span class='ocr_line' id='line_1_4' title="bbox 269 474 1623 537; baseline 0.005 -21"><span class='ocrx_word' id='word_1_21' title='bbox 269 474 355 523; x_wconf 86' lang='lat' dir='ltr'><strong>rio,</strong></span> <span class='ocrx_word' id='word_1_22' title='bbox 381 483 421 516; x_wconf 89' lang='lat' dir='ltr'><strong>et</strong></span> <span class='ocrx_word' id='word_1_23' title='bbox 445 476 628 532; x_wconf 84' lang='lat' dir='ltr'><strong>expetito</strong></span> <span class='ocrx_word' id='word_1_24' title='bbox 651 477 722 518; x_wconf 85' lang='lat' dir='ltr'><strong>diu</strong></span> <span class='ocrx_word' id='word_1_25' title='bbox 752 477 957 527; x_wconf 82' lang='lat' dir='ltr'><strong>fruimur,</strong></span> <span class='ocrx_word' id='word_1_26' title='bbox 998 477 1260 520; x_wconf 75' lang='lat' dir='ltr'><strong>adhaeremus</strong></span> <span class='ocrx_word' id='word_1_27' title='bbox 1292 481 1498 537; x_wconf 87' lang='lat' dir='ltr'><strong>amplexu.</strong></span> <span class='ocrx_word' id='word_1_28' title='bbox 1542 483 1623 523; x_wconf 87' lang='lat' dir='ltr'><strong>Ita-</strong></span> 
     </span>
     <span class='ocr_line' id='line_1_5' title="bbox 273 546 1623 607; baseline 0.005 -22"><span class='ocrx_word' id='word_1_29' title='bbox 273 560 354 600; x_wconf 86' lang='lat' dir='ltr'><strong>que</strong></span> <span class='ocrx_word' id='word_1_30' title='bbox 376 547 487 600; x_wconf 89' lang='lat' dir='ltr'><strong>quod</strong></span> <span class='ocrx_word' id='word_1_31' title='bbox 508 546 589 587; x_wconf 84' lang='lat' dir='ltr'><strong>voti</strong></span> <span class='ocrx_word' id='word_1_32' title='bbox 627 547 708 588; x_wconf 83' lang='lat' dir='ltr'><strong>mci</strong></span> <span class='ocrx_word' id='word_1_33' title='bbox 731 556 840 596; x_wconf 84' lang='lat' dir='ltr'><strong>erat,</strong></span> <span class='ocrx_word' id='word_1_34' title='bbox 876 548 985 589; x_wconf 84' lang='lat' dir='ltr'><strong>illius</strong></span> <span class='ocrx_word' id='word_1_35' title='bbox 1008 547 1202 590; x_wconf 75' lang='lat' dir='ltr'><strong>beneficii</strong></span> <span class='ocrx_word' id='word_1_36' title='bbox 1226 549 1329 597; x_wconf 85' lang='lat' dir='ltr'><strong>suit,</strong></span> <span class='ocrx_word' id='word_1_37' title='bbox 1371 551 1466 606; x_wconf 83' lang='lat' dir='ltr'><strong>quia</strong></span> <span class='ocrx_word' id='word_1_38' title='bbox 1505 551 1623 607; x_wconf 84' lang='lat' dir='ltr'><strong>potui</strong></span> 
     </span>
     <span class='ocr_line' id='line_1_6' title="bbox 271 614 1623 677; baseline 0.005 -22"><span class='ocrx_word' id='word_1_39' title='bbox 271 614 392 656; x_wconf 86' lang='lat' dir='ltr'><strong>illum</strong></span> <span class='ocrx_word' id='word_1_40' title='bbox 413 615 566 658; x_wconf 86' lang='lat' dir='ltr'><strong>videre.</strong></span> <span class='ocrx_word' id='word_1_41' title='bbox 594 616 696 658; x_wconf 80' lang='lat' dir='ltr'><strong>Nam</strong></span> <span class='ocrx_word' id='word_1_42' title='bbox 716 626 758 658; x_wconf 88' lang='lat' dir='ltr'><strong>et</strong></span> <span class='ocrx_word' id='word_1_43' title='bbox 783 618 814 659; x_wconf 82' lang='lat' dir='ltr'><strong>si</strong></span> <span class='ocrx_word' id='word_1_44' title='bbox 847 617 981 673; x_wconf 86' lang='lat' dir='ltr'><strong>major</strong></span> <span class='ocrx_word' id='word_1_45' title='bbox 1003 618 1138 674; x_wconf 86' lang='lat' dir='ltr'><strong>portio</strong></span> <span class='ocrx_word' id='word_1_46' title='bbox 1178 626 1219 659; x_wconf 86' lang='lat' dir='ltr'><strong>et</strong></span> <span class='ocrx_word' id='word_1_47' title='bbox 1242 619 1406 675; x_wconf 84' lang='lat' dir='ltr'><strong>plenior</strong></span> <span class='ocrx_word' id='word_1_48' title='bbox 1439 621 1623 677; x_wconf 74' lang='lat' dir='ltr'>cognitio</span> 
     </span>
     <span class='ocr_line' id='line_1_7' title="bbox 275 685 1626 746; baseline 0.003 -19"><span class='ocrx_word' id='word_1_49' title='bbox 275 685 389 727; x_wconf 89' lang='lat' dir='ltr'><strong>sitin</strong></span> <span class='ocrx_word' id='word_1_50' title='bbox 422 686 594 741; x_wconf 89' lang='lat' dir='ltr'><strong>spiritu,</strong></span> <span class='ocrx_word' id='word_1_51' title='bbox 620 702 703 742; x_wconf 89' lang='lat' dir='ltr'><strong>quo</strong></span> <span class='ocrx_word' id='word_1_52' title='bbox 727 688 960 743; x_wconf 72' lang='lat' dir='ltr'><strong>diligimus;</strong></span> <span class='ocrx_word' id='word_1_53' title='bbox 989 697 1127 729; x_wconf 79' lang='lat' dir='ltr'><strong>tamen</strong></span> <span class='ocrx_word' id='word_1_54' title='bbox 1151 689 1275 730; x_wconf 81' lang='lat' dir='ltr'><strong>etiam</strong></span> <span class='ocrx_word' id='word_1_55' title='bbox 1309 690 1350 730; x_wconf 89' lang='lat' dir='ltr'><strong>in</strong></span> <span class='ocrx_word' id='word_1_56' title='bbox 1374 688 1507 746; x_wconf 79' lang='lat' dir='ltr'><strong>figura</strong></span> <span class='ocrx_word' id='word_1_57' title='bbox 1538 705 1626 731; x_wconf 89' lang='lat' dir='ltr'><strong>cor-</strong></span> 
     </span>
     <span class='ocr_line' id='line_1_8' title="bbox 273 755 1626 815; baseline 0.004 -20"><span class='ocrx_word' id='word_1_58' title='bbox 273 755 386 811; x_wconf 85' lang='lat' dir='ltr'><strong>poris</strong></span> <span class='ocrx_word' id='word_1_59' title='bbox 408 756 548 797; x_wconf 84' lang='lat' dir='ltr'><strong>videre</strong></span> <span class='ocrx_word' id='word_1_60' title='bbox 572 757 872 799; x_wconf 73' lang='lat' dir='ltr'><strong>desideramus.</strong></span> <span class='ocrx_word' id='word_1_61' title='bbox 902 756 970 798; x_wconf 81' lang='lat' dir='ltr'><strong>Sic</strong></span> <span class='ocrx_word' id='word_1_62' title='bbox 994 757 1217 813; x_wconf 72' lang='lat' dir='ltr'><strong>atiquando</strong></span> <span class='ocrx_word' id='word_1_63' title='bbox 1241 773 1358 814; x_wconf 81' lang='lat' dir='ltr'><strong>reges</strong></span> <span class='ocrx_word' id='word_1_64' title='bbox 1378 767 1626 815; x_wconf 72' lang='lat' dir='ltr'><strong>terraequae-</strong></span> 
     </span>
     <span class='ocr_line' id='line_1_9' title="bbox 276 825 1621 885; baseline 0.004 -19"><span class='ocrx_word' id='word_1_65' title='bbox 276 825 586 867; x_wconf 84' lang='lat' dir='ltr'><strong>rebantsaciem</strong></span> <span class='ocrx_word' id='word_1_66' title='bbox 600 827 1003 874; x_wconf 78' lang='lat' dir='ltr'><strong>Salomonisvidore,</strong></span> <span class='ocrx_word' id='word_1_67' title='bbox 1020 829 1217 869; x_wconf 79' lang='lat' dir='ltr'><strong>etaudire</strong></span> <span class='ocrx_word' id='word_1_68' title='bbox 1230 827 1322 884; x_wconf 87' lang='lat' dir='ltr'><strong>ejus</strong></span> <span class='ocrx_word' id='word_1_69' title='bbox 1343 829 1621 885; x_wconf 81' lang='lat' dir='ltr'><strong>sapientiam¹.</strong></span> 
     </span>
    </p>

    <p class='ocr_par' dir='ltr' id='par_1_3' title="bbox 276 894 1637 1730">
     <span class='ocr_line' id='line_1_10' title="bbox 336 894 1624 954; baseline 0.002 -17"><span class='ocrx_word' id='word_1_70' title='bbox 336 894 412 937; x_wconf 80' lang='lat' dir='ltr'><strong>XI.</strong></span> <span class='ocrx_word' id='word_1_71' title='bbox 446 896 643 939; x_wconf 77' lang='lat' dir='ltr'><strong>Discessit</strong></span> <span class='ocrx_word' id='word_1_72' title='bbox 668 897 792 953; x_wconf 85' lang='lat' dir='ltr'><strong>igitur</strong></span> <span class='ocrx_word' id='word_1_73' title='bbox 816 913 836 938; x_wconf 88' lang='lat' dir='ltr'><strong>a</strong></span> <span class='ocrx_word' id='word_1_74' title='bbox 857 898 995 944; x_wconf 82' lang='lat' dir='ltr'><strong>nobis,</strong></span> <span class='ocrx_word' id='word_1_75' title='bbox 1017 906 1058 939; x_wconf 84' lang='lat' dir='ltr'><strong>ct</strong></span> <span class='ocrx_word' id='word_1_76' title='bbox 1076 913 1149 938; x_wconf 87' lang='lat' dir='ltr'><strong>nos</strong></span> <span class='ocrx_word' id='word_1_77' title='bbox 1175 897 1214 938; x_wconf 90' lang='lat' dir='ltr'><strong>in</strong></span> <span class='ocrx_word' id='word_1_78' title='bbox 1235 898 1314 939; x_wconf 83' lang='lat' dir='ltr'><strong>hoe</strong></span> <span class='ocrx_word' id='word_1_79' title='bbox 1331 898 1498 954; x_wconf 86' lang='lat' dir='ltr'><strong>reliquit</strong></span> <span class='ocrx_word' id='word_1_80' title='bbox 1515 900 1624 940; x_wconf 81' lang='lat' dir='ltr'><strong>salo:</strong></span> 
     </span>
     <span class='ocr_line' id='line_1_11' title="bbox 277 967 1631 1027; baseline 0.004 -21"><span class='ocrx_word' id='word_1_81' title='bbox 277 967 349 1007; x_wconf 90' lang='lat' dir='ltr'><strong>sed</strong></span> <span class='ocrx_word' id='word_1_82' title='bbox 375 968 487 1022; x_wconf 82' lang='lat' dir='ltr'><strong>quod</strong></span> <span class='ocrx_word' id='word_1_83' title='bbox 505 967 561 1008; x_wconf 84' lang='lat' dir='ltr'>illi</span> <span class='ocrx_word' id='word_1_84' title='bbox 581 968 681 1008; x_wconf 82' lang='lat' dir='ltr'><strong>utile</strong></span> <span class='ocrx_word' id='word_1_85' title='bbox 699 1000 709 1015; x_wconf 94' lang='lat'>,</span> <span class='ocrx_word' id='word_1_86' title='bbox 736 968 778 1009; x_wconf 88' lang='lat' dir='ltr'><strong>id</strong></span> <span class='ocrx_word' id='word_1_87' title='bbox 797 969 938 1009; x_wconf 83' lang='lat' dir='ltr'><strong>multis</strong></span> <span class='ocrx_word' id='word_1_88' title='bbox 957 969 1043 1025; x_wconf 85' lang='lat' dir='ltr'><strong>ipso</strong></span> <span class='ocrx_word' id='word_1_89' title='bbox 1062 969 1284 1010; x_wconf 83' lang='lat' dir='ltr'><strong>barbarico</strong></span> <span class='ocrx_word' id='word_1_90' title='bbox 1301 969 1441 1011; x_wconf 82' lang='lat' dir='ltr'><strong>furore</strong></span> <span class='ocrx_word' id='word_1_91' title='bbox 1459 979 1521 1012; x_wconf 87' lang='lat' dir='ltr'><strong>est</strong></span> <span class='ocrx_word' id='word_1_92' title='bbox 1542 985 1631 1027; x_wconf 85' lang='lat' dir='ltr'><strong>gra-</strong></span> 
     </span>
     <span class='ocr_line' id='line_1_12' title="bbox 276 1037 1631 1098; baseline 0.004 -21"><span class='ocrx_word' id='word_1_93' title='bbox 276 1037 367 1077; x_wconf 79' lang='lat' dir='ltr'><strong>vius</strong></span> <span class='ocrx_word' id='word_1_94' title='bbox 384 1068 394 1084; x_wconf 93' lang='lat'><strong><em>,</em></strong></span> <span class='ocrx_word' id='word_1_95' title='bbox 419 1037 515 1092; x_wconf 87' lang='lat' dir='ltr'><strong>quia</strong></span> <span class='ocrx_word' id='word_1_96' title='bbox 537 1038 653 1079; x_wconf 88' lang='lat' dir='ltr'><strong>illum</strong></span> <span class='ocrx_word' id='word_1_97' title='bbox 676 1038 753 1080; x_wconf 78' lang='lat' dir='ltr'><strong>iste</strong></span> <span class='ocrx_word' id='word_1_98' title='bbox 776 1039 1038 1094; x_wconf 77' lang='lat' dir='ltr'>depellebat,</span> <span class='ocrx_word' id='word_1_99' title='bbox 1065 1039 1178 1081; x_wconf 84' lang='lat' dir='ltr'><strong>hunc</strong></span> <span class='ocrx_word' id='word_1_100' title='bbox 1203 1040 1324 1081; x_wconf 84' lang='lat' dir='ltr'><strong>nobis</strong></span> <span class='ocrx_word' id='word_1_101' title='bbox 1347 1042 1438 1096; x_wconf 85' lang='lat' dir='ltr'><strong>quis</strong></span> <span class='ocrx_word' id='word_1_102' title='bbox 1475 1042 1631 1098; x_wconf 85' lang='lat' dir='ltr'><strong>poterit</strong></span> 
     </span>
     <span class='ocr_line' id='line_1_13' title="bbox 279 1109 1632 1170; baseline 0.004 -22"><span class='ocrx_word' id='word_1_103' title='bbox 279 1109 607 1164; x_wconf 63' lang='lat' dir='ltr'><strong>repraesentare?</strong></span> <span class='ocrx_word' id='word_1_104' title='bbox 629 1109 713 1151; x_wconf 56' lang='lat' dir='ltr'><strong>Sed</strong></span> <span class='ocrx_word' id='word_1_105' title='bbox 751 1118 1022 1166; x_wconf 80' lang='lat' dir='ltr'><strong>repraescntat</strong></span> <span class='ocrx_word' id='word_1_106' title='bbox 1056 1110 1287 1159; x_wconf 80' lang='lat' dir='ltr'><strong>Dominus,</strong></span> <span class='ocrx_word' id='word_1_107' title='bbox 1325 1120 1367 1153; x_wconf 89' lang='lat' dir='ltr'><strong>et</strong></span> <span class='ocrx_word' id='word_1_108' title='bbox 1396 1127 1438 1154; x_wconf 91' lang='lat' dir='ltr'><strong>se</strong></span> <span class='ocrx_word' id='word_1_109' title='bbox 1476 1113 1563 1170; x_wconf 85' lang='lat' dir='ltr'><strong>ipse</strong></span> <span class='ocrx_word' id='word_1_110' title='bbox 1591 1113 1632 1154; x_wconf 88' lang='lat' dir='ltr'><strong>in</strong></span> 
     </span>
     <span class='ocr_line' id='line_1_14' title="bbox 281 1177 1634 1238; baseline 0.002 -19"><span class='ocrx_word' id='word_1_111' title='bbox 281 1177 487 1235; x_wconf 75' lang='lat' dir='ltr'><strong>discipulo</strong></span> <span class='ocrx_word' id='word_1_112' title='bbox 521 1187 805 1236; x_wconf 71' lang='lat' dir='ltr'><strong>repraesentat.</strong></span> <span class='ocrx_word' id='word_1_113' title='bbox 833 1180 1153 1236; x_wconf 76' lang='lat' dir='ltr'><strong>Repraesentant</strong></span> <span class='ocrx_word' id='word_1_114' title='bbox 1173 1180 1330 1236; x_wconf 88' lang='lat' dir='ltr'><strong>judicia</strong></span> <span class='ocrx_word' id='word_1_115' title='bbox 1365 1190 1524 1230; x_wconf 86' lang='lat' dir='ltr'><strong>vestra,</strong></span> <span class='ocrx_word' id='word_1_116' title='bbox 1543 1183 1634 1238; x_wconf 85' lang='lat' dir='ltr'><strong>qui·</strong></span> 
     </span>
     <span class='ocr_line' id='line_1_15' title="bbox 283 1247 1634 1307; baseline 0.004 -19"><span class='ocrx_word' id='word_1_117' title='bbox 283 1247 360 1288; x_wconf 91' lang='lat' dir='ltr'><strong>bus</strong></span> <span class='ocrx_word' id='word_1_118' title='bbox 384 1248 544 1291; x_wconf 85' lang='lat' dir='ltr'><strong>dictum</strong></span> <span class='ocrx_word' id='word_1_119' title='bbox 564 1257 626 1291; x_wconf 86' lang='lat' dir='ltr'><strong>est</strong></span> <span class='ocrx_word' id='word_1_120' title='bbox 646 1265 654 1291; x_wconf 93' lang='lat'><strong>:</strong></span> <span class='ocrx_word' id='word_1_121' title='bbox 673 1268 686 1287; x_wconf 79' lang='lat' dir='ltr'><strong>o</strong></span> <span class='ocrx_word' id='word_1_122' title='bbox 709 1250 814 1291; x_wconf 87' lang='lat' dir='ltr'><strong>Date</strong></span> <span class='ocrx_word' id='word_1_123' title='bbox 834 1249 931 1291; x_wconf 85' lang='lat' dir='ltr'><strong>Levi</strong></span> <span class='ocrx_word' id='word_1_124' title='bbox 950 1249 1192 1292; x_wconf 83' lang='lat' dir='ltr'><strong>manifestos</strong></span> <span class='ocrx_word' id='word_1_125' title='bbox 1208 1250 1298 1307; x_wconf 86' lang='lat' dir='ltr'><strong>ejus</strong></span> <span class='ocrx_word' id='word_1_126' title='bbox 1316 1284 1326 1298; x_wconf 92' lang='lat'><strong>,</strong></span> <span class='ocrx_word' id='word_1_127' title='bbox 1352 1261 1394 1294; x_wconf 89' lang='lat' dir='ltr'><strong>et</strong></span> <span class='ocrx_word' id='word_1_128' title='bbox 1415 1254 1634 1294; x_wconf 81' lang='lat' dir='ltr'><strong>veritatem</strong></span> 
     </span>
     <span class='ocr_line' id='line_1_16' title="bbox 279 1318 1636 1380; baseline 0.006 -24"><span class='ocrx_word' id='word_1_129' title='bbox 279 1336 294 1355; x_wconf 79' lang='lat' dir='ltr'><em>n</em></span> <span class='ocrx_word' id='word_1_130' title='bbox 311 1332 428 1360; x_wconf 88' lang='lat' dir='ltr'><strong>suam</strong></span> <span class='ocrx_word' id='word_1_131' title='bbox 456 1318 544 1361; x_wconf 79' lang='lat' dir='ltr'><strong>viro</strong></span> <span class='ocrx_word' id='word_1_132' title='bbox 569 1319 756 1362; x_wconf 82' lang='lat' dir='ltr'><strong>sancto².</strong></span> <span class='ocrx_word' id='word_1_133' title='bbox 775 1320 985 1361; x_wconf 82' lang='lat' dir='ltr'><strong>»Dedistis</strong></span> <span class='ocrx_word' id='word_1_134' title='bbox 1019 1320 1287 1362; x_wconf 80' lang='lat' dir='ltr'><strong>manifestum</strong></span> <span class='ocrx_word' id='word_1_135' title='bbox 1324 1321 1439 1378; x_wconf 89' lang='lat' dir='ltr'><strong>ejus,</strong></span> <span class='ocrx_word' id='word_1_136' title='bbox 1468 1331 1514 1364; x_wconf 89' lang='lat' dir='ltr'><strong>ut</strong></span> <span class='ocrx_word' id='word_1_137' title='bbox 1539 1331 1636 1380; x_wconf 83' lang='lat' dir='ltr'><strong>pote</strong></span> 
     </span>
     <span class='ocr_line' id='line_1_17' title="bbox 282 1390 1634 1449; baseline 0.004 -21"><span class='ocrx_word' id='word_1_138' title='bbox 282 1390 373 1446; x_wconf 78' lang='lat' dir='ltr'><strong>ejus</strong></span> <span class='ocrx_word' id='word_1_139' title='bbox 397 1390 658 1432; x_wconf 87' lang='lat' dir='ltr'><strong>institutione</strong></span> <span class='ocrx_word' id='word_1_140' title='bbox 681 1390 932 1431; x_wconf 81' lang='lat' dir='ltr'><strong>fundatum.-</strong></span> <span class='ocrx_word' id='word_1_141' title='bbox 954 1390 1125 1432; x_wconf 84' lang='lat' dir='ltr'><strong>dedistis</strong></span> <span class='ocrx_word' id='word_1_142' title='bbox 1149 1391 1405 1433; x_wconf 76' lang='lat' dir='ltr'><strong>imitatorem</strong></span> <span class='ocrx_word' id='word_1_143' title='bbox 1426 1392 1502 1434; x_wconf 84' lang='lat' dir='ltr'><strong>viri</strong></span> <span class='ocrx_word' id='word_1_144' title='bbox 1520 1391 1634 1449; x_wconf 84' lang='lat' dir='ltr'><strong>ejus,</strong></span> 
     </span>
     <span class='ocr_line' id='line_1_18' title="bbox 282 1461 1637 1518; baseline 0.001 -17"><span class='ocrx_word' id='word_1_145' title='bbox 282 1461 351 1517; x_wconf 91' lang='lat' dir='ltr'><strong>qui</strong></span> <span class='ocrx_word' id='word_1_146' title='bbox 372 1461 474 1503; x_wconf 85' lang='lat' dir='ltr'><strong>dixit</strong></span> <span class='ocrx_word' id='word_1_147' title='bbox 491 1462 597 1518; x_wconf 86' lang='lat' dir='ltr'><strong>patri</strong></span> <span class='ocrx_word' id='word_1_148' title='bbox 616 1476 691 1503; x_wconf 88' lang='lat' dir='ltr'><strong>suo</strong></span> <span class='ocrx_word' id='word_1_149' title='bbox 715 1469 757 1503; x_wconf 90' lang='lat' dir='ltr'><strong>et</strong></span> <span class='ocrx_word' id='word_1_150' title='bbox 780 1461 902 1502; x_wconf 87' lang='lat' dir='ltr'><strong>matri</strong></span> <span class='ocrx_word' id='word_1_151' title='bbox 940 1476 1024 1502; x_wconf 79' lang='lat' dir='ltr'><strong>suae</strong></span> <span class='ocrx_word' id='word_1_152' title='bbox 1045 1475 1054 1502; x_wconf 74' lang='grc' dir='ltr'><strong><em>ε</em></strong></span> <span class='ocrx_word' id='word_1_153' title='bbox 1072 1479 1087 1499; x_wconf 83' lang='grc' dir='ltr'><strong>(ι</strong></span> <span class='ocrx_word' id='word_1_154' title='bbox 1113 1461 1202 1503; x_wconf 88' lang='lat' dir='ltr'><strong>Non</strong></span> <span class='ocrx_word' id='word_1_155' title='bbox 1225 1461 1309 1503; x_wconf 87' lang='lat' dir='ltr'><strong>vidi</strong></span> <span class='ocrx_word' id='word_1_156' title='bbox 1335 1461 1445 1511; x_wconf 74' lang='lat' dir='ltr'><strong>te³;»</strong></span> <span class='ocrx_word' id='word_1_157' title='bbox 1480 1470 1521 1504; x_wconf 85' lang='lat' dir='ltr'><strong>et</strong></span> <span class='ocrx_word' id='word_1_158' title='bbox 1557 1462 1637 1503; x_wconf 88' lang='lat' dir='ltr'><strong>fra·</strong></span> 
     </span>
     <span class='ocr_line' id='line_1_19' title="bbox 281 1530 1637 1588; baseline 0 -15"><span class='ocrx_word' id='word_1_159' title='bbox 281 1540 365 1573; x_wconf 87' lang='lat' dir='ltr'><strong>tres</strong></span> <span class='ocrx_word' id='word_1_160' title='bbox 402 1547 497 1573; x_wconf 90' lang='lat' dir='ltr'><strong>suos</strong></span> <span class='ocrx_word' id='word_1_161' title='bbox 524 1547 608 1572; x_wconf 84' lang='lat' dir='ltr'><strong>non.</strong></span> <span class='ocrx_word' id='word_1_162' title='bbox 633 1531 773 1580; x_wconf 84' lang='lat' dir='ltr'><strong>scivit,</strong></span> <span class='ocrx_word' id='word_1_163' title='bbox 800 1540 842 1573; x_wconf 88' lang='lat' dir='ltr'><strong>et</strong></span> <span class='ocrx_word' id='word_1_164' title='bbox 870 1530 976 1573; x_wconf 75' lang='lat' dir='ltr'><strong>filios</strong></span> <span class='ocrx_word' id='word_1_165' title='bbox 1008 1547 1091 1573; x_wconf 87' lang='lat' dir='ltr'><strong>uon</strong></span> <span class='ocrx_word' id='word_1_166' title='bbox 1125 1530 1637 1588; x_wconf 72' lang='lat' dir='ltr'><strong>recognovitzcustodivit·</strong></span> 
     </span>
     <span class='ocr_line' id='line_1_20' title="bbox 279 1602 1636 1659; baseline 0 -16"><span class='ocrx_word' id='word_1_167' title='bbox 279 1603 455 1644; x_wconf 88' lang='lat' dir='ltr'><strong>verbum</strong></span> <span class='ocrx_word' id='word_1_168' title='bbox 473 1602 659 1650; x_wconf 89' lang='lat' dir='ltr'><strong>Domini,</strong></span> <span class='ocrx_word' id='word_1_169' title='bbox 673 1603 1039 1644; x_wconf 83' lang='lat' dir='ltr'><strong>etTestamentum</strong></span> <span class='ocrx_word' id='word_1_170' title='bbox 1062 1602 1152 1659; x_wconf 86' lang='lat' dir='ltr'><strong>ejus</strong></span> <span class='ocrx_word' id='word_1_171' title='bbox 1175 1603 1428 1645; x_wconf 78' lang='lat' dir='ltr'><strong>observavit.</strong></span> <span class='ocrx_word' id='word_1_172' title='bbox 1447 1619 1463 1641; x_wconf 71' lang='lat' dir='ltr'><strong>a</strong></span> <span class='ocrx_word' id='word_1_173' title='bbox 1481 1602 1636 1645; x_wconf 88' lang='lat' dir='ltr'><strong>Narra-</strong></span> 
     </span>
     <span class='ocr_line' id='line_1_21' title="bbox 282 1672 1009 1730; baseline 0 -18"><span class='ocrx_word' id='word_1_174' title='bbox 282 1691 298 1712; x_wconf 91' lang='lat'>»</span> <span class='ocrx_word' id='word_1_175' title='bbox 314 1674 420 1714; x_wconf 88' lang='lat' dir='ltr'><strong>bunt</strong></span> <span class='ocrx_word' id='word_1_176' title='bbox 443 1673 587 1730; x_wconf 84' lang='lat' dir='ltr'><strong>populi</strong></span> <span class='ocrx_word' id='word_1_177' title='bbox 607 1672 813 1729; x_wconf 86' lang='lat' dir='ltr'><strong>justitiam</strong></span> <span class='ocrx_word' id='word_1_178' title='bbox 840 1672 966 1727; x_wconf 82' lang='lat' dir='ltr'><strong>ejus⁴.</strong></span> <span class='ocrx_word' id='word_1_179' title='bbox 992 1691 1009 1712; x_wconf 66' lang='lat' dir='ltr'>n</span> 
     </span>
    </p>

    <p class='ocr_par' dir='ltr' id='par_1_4' title="bbox 279 1743 1640 2279">
     <span class='ocr_line' id='line_1_22' title="bbox 336 1743 1638 1792; baseline 0 -7"><span class='ocrx_word' id='word_1_180' title='bbox 336 1743 433 1786; x_wconf 86' lang='lat' dir='ltr'><strong>XII.</strong></span> <span class='ocrx_word' id='word_1_181' title='bbox 471 1743 580 1785; x_wconf 85' lang='lat' dir='ltr'><strong>Talis</strong></span> <span class='ocrx_word' id='word_1_182' title='bbox 597 1744 671 1785; x_wconf 89' lang='lat' dir='ltr'><strong>viri</strong></span> <span class='ocrx_word' id='word_1_183' title='bbox 696 1744 778 1785; x_wconf 87' lang='lat' dir='ltr'><strong>vita</strong></span> <span class='ocrx_word' id='word_1_184' title='bbox 798 1776 807 1792; x_wconf 94' lang='lat'><strong><em>,</em></strong></span> <span class='ocrx_word' id='word_1_185' title='bbox 836 1744 926 1785; x_wconf 86' lang='lat' dir='ltr'><strong>talis</strong></span> <span class='ocrx_word' id='word_1_186' title='bbox 945 1743 1168 1785; x_wconf 85' lang='lat' dir='ltr'><strong>haercditas</strong></span> <span class='ocrx_word' id='word_1_187' title='bbox 1189 1752 1275 1791; x_wconf 87' lang='lat' dir='ltr'><strong>est,</strong></span> <span class='ocrx_word' id='word_1_188' title='bbox 1300 1743 1393 1784; x_wconf 75' lang='lat' dir='ltr'><strong>talis</strong></span> <span class='ocrx_word' id='word_1_189' title='bbox 1413 1758 1638 1786; x_wconf 87' lang='lat' dir='ltr'><strong>conserva-</strong></span> 
     </span>
     <span class='ocr_line' id='line_1_23' title="bbox 279 1814 1633 1871; baseline 0.001 -15"><span class='ocrx_word' id='word_1_190' title='bbox 279 1815 354 1863; x_wconf 90' lang='lat' dir='ltr'><strong>tio,</strong></span> <span class='ocrx_word' id='word_1_191' title='bbox 381 1815 471 1856; x_wconf 88' lang='lat' dir='ltr'><strong>talis</strong></span> <span class='ocrx_word' id='word_1_192' title='bbox 494 1815 720 1856; x_wconf 84' lang='lat' dir='ltr'><strong>successio.</strong></span> <span class='ocrx_word' id='word_1_193' title='bbox 738 1814 814 1856; x_wconf 87' lang='lat' dir='ltr'><strong>Ille</strong></span> <span class='ocrx_word' id='word_1_194' title='bbox 837 1830 881 1856; x_wconf 84' lang='lat' dir='ltr'><strong>se</strong></span> <span class='ocrx_word' id='word_1_195' title='bbox 903 1815 1166 1856; x_wconf 86' lang='lat' dir='ltr'><strong>monasteriis</strong></span> <span class='ocrx_word' id='word_1_196' title='bbox 1186 1830 1292 1871; x_wconf 85' lang='lat' dir='ltr'><strong>puer</strong></span> <span class='ocrx_word' id='word_1_197' title='bbox 1313 1814 1444 1863; x_wconf 86' lang='lat' dir='ltr'><strong>dedit,</strong></span> <span class='ocrx_word' id='word_1_198' title='bbox 1463 1824 1504 1857; x_wconf 89' lang='lat' dir='ltr'><strong>et</strong></span> <span class='ocrx_word' id='word_1_199' title='bbox 1525 1815 1633 1858; x_wconf 85' lang='lat' dir='ltr'><strong>intra</strong></span> 
     </span>
     <span class='ocr_line' id='line_1_24' title="bbox 280 1885 1640 1942; baseline 0 -15"><span class='ocrx_word' id='word_1_200' title='bbox 280 1885 483 1927; x_wconf 76' lang='lat' dir='ltr'><strong>Achaiam</strong></span> <span class='ocrx_word' id='word_1_201' title='bbox 510 1894 685 1942; x_wconf 83' lang='lat' dir='ltr'><strong>augusto</strong></span> <span class='ocrx_word' id='word_1_202' title='bbox 709 1887 876 1927; x_wconf 83' lang='lat' dir='ltr'><strong>clausus</strong></span> <span class='ocrx_word' id='word_1_203' title='bbox 906 1886 1075 1942; x_wconf 84' lang='lat' dir='ltr'><strong>tugurio</strong></span> <span class='ocrx_word' id='word_1_204' title='bbox 1096 1919 1106 1935; x_wconf 93' lang='lat'>‚</span> <span class='ocrx_word' id='word_1_205' title='bbox 1151 1885 1281 1942; x_wconf 85' lang='lat' dir='ltr'><strong>gratia</strong></span> <span class='ocrx_word' id='word_1_206' title='bbox 1319 1895 1460 1927; x_wconf 87' lang='lat' dir='ltr'><strong>tamen</strong></span> <span class='ocrx_word' id='word_1_207' title='bbox 1490 1887 1640 1928; x_wconf 82' lang='lat' dir='ltr'><strong>multa-</strong></span> 
     </span>
     <span class='ocr_line' id='line_1_25' title="bbox 281 1956 1640 2013; baseline -0.001 -15"><span class='ocrx_word' id='word_1_208' title='bbox 281 1973 375 1998; x_wconf 87' lang='lat' dir='ltr'><strong>rum</strong></span> <span class='ocrx_word' id='word_1_209' title='bbox 394 1966 603 2000; x_wconf 84' lang='lat' dir='ltr'><strong>terrarum</strong></span> <span class='ocrx_word' id='word_1_210' title='bbox 630 1957 866 2013; x_wconf 81' lang='lat' dir='ltr'><strong>peragravit</strong></span> <span class='ocrx_word' id='word_1_211' title='bbox 886 1956 1077 1998; x_wconf 82' lang='lat' dir='ltr'><strong>divortia.</strong></span> <span class='ocrx_word' id='word_1_212' title='bbox 1106 1957 1173 1998; x_wconf 87' lang='lat' dir='ltr'><strong>Ad</strong></span> <span class='ocrx_word' id='word_1_213' title='bbox 1199 1971 1413 1998; x_wconf 85' lang='lat' dir='ltr'><strong>summum</strong></span> <span class='ocrx_word' id='word_1_214' title='bbox 1447 1957 1640 1998; x_wconf 87' lang='lat' dir='ltr'><strong>sacerdo-</strong></span> 
     </span>
     <span class='ocr_line' id='line_1_26' title="bbox 281 2027 1635 2083; baseline 0 -15"><span class='ocrx_word' id='word_1_215' title='bbox 281 2027 387 2068; x_wconf 76' lang='lat' dir='ltr'><strong>tium</strong></span> <span class='ocrx_word' id='word_1_216' title='bbox 412 2042 433 2068; x_wconf 83' lang='lat' dir='ltr'><strong>a</strong></span> <span class='ocrx_word' id='word_1_217' title='bbox 457 2027 737 2068; x_wconf 82' lang='lat' dir='ltr'><strong>Macedonicis</strong></span> <span class='ocrx_word' id='word_1_218' title='bbox 779 2027 1024 2068; x_wconf 77' lang='lat' dir='ltr'><strong>obsecratus</strong></span> <span class='ocrx_word' id='word_1_219' title='bbox 1049 2027 1215 2083; x_wconf 86' lang='lat' dir='ltr'><strong>populis</strong></span> <span class='ocrx_word' id='word_1_220' title='bbox 1232 2058 1242 2074; x_wconf 92' lang='lat'><em>‚</em></span> <span class='ocrx_word' id='word_1_221' title='bbox 1267 2027 1425 2068; x_wconf 84' lang='lat' dir='ltr'><strong>electus</strong></span> <span class='ocrx_word' id='word_1_222' title='bbox 1448 2041 1468 2067; x_wconf 89' lang='lat' dir='ltr'><strong>a</strong></span> <span class='ocrx_word' id='word_1_223' title='bbox 1495 2042 1635 2068; x_wconf 86' lang='lat' dir='ltr'><strong>sacer-</strong></span> 
     </span>
     <span class='ocr_line' id='line_1_27' title="bbox 283 2096 1636 2154; baseline -0.001 -14"><span class='ocrx_word' id='word_1_224' title='bbox 283 2099 473 2146; x_wconf 86' lang='lat' dir='ltr'><strong>dotibus;</strong></span> <span class='ocrx_word' id='word_1_225' title='bbox 492 2106 537 2139; x_wconf 89' lang='lat' dir='ltr'><strong>ut</strong></span> <span class='ocrx_word' id='word_1_226' title='bbox 559 2098 631 2138; x_wconf 90' lang='lat' dir='ltr'><strong>ubi</strong></span> <span class='ocrx_word' id='word_1_227' title='bbox 650 2105 745 2139; x_wconf 85' lang='lat' dir='ltr'><strong>ante</strong></span> <span class='ocrx_word' id='word_1_228' title='bbox 772 2096 875 2138; x_wconf 88' lang='lat' dir='ltr'><strong>fides</strong></span> <span class='ocrx_word' id='word_1_229' title='bbox 919 2112 995 2154; x_wconf 86' lang='lat' dir='ltr'><strong>per</strong></span> <span class='ocrx_word' id='word_1_230' title='bbox 1037 2098 1300 2138; x_wconf 83' lang='lat' dir='ltr'><strong>sacerdotem</strong></span> <span class='ocrx_word' id='word_1_231' title='bbox 1333 2096 1636 2146; x_wconf 82' lang='lat' dir='ltr'><strong>claudebatur,</strong></span> 
     </span>
     <span class='ocr_line' id='line_1_28' title="bbox 281 2166 1636 2225; baseline 0.001 -16"><span class='ocrx_word' id='word_1_232' title='bbox 281 2168 337 2210; x_wconf 88' lang='lat' dir='ltr'><strong>ibi</strong></span> <span class='ocrx_word' id='word_1_233' title='bbox 362 2177 503 2224; x_wconf 85' lang='lat' dir='ltr'><strong>postea</strong></span> <span class='ocrx_word' id='word_1_234' title='bbox 521 2183 597 2225; x_wconf 87' lang='lat' dir='ltr'><strong>per</strong></span> <span class='ocrx_word' id='word_1_235' title='bbox 619 2168 883 2209; x_wconf 87' lang='lat' dir='ltr'><strong>sacerdotem</strong></span> <span class='ocrx_word' id='word_1_236' title='bbox 905 2167 1084 2209; x_wconf 81' lang='lat' dir='ltr'><strong>muralia</strong></span> <span class='ocrx_word' id='word_1_237' title='bbox 1110 2167 1385 2210; x_wconf 83' lang='lat' dir='ltr'><strong>fundamenta</strong></span> <span class='ocrx_word' id='word_1_238' title='bbox 1407 2166 1505 2210; x_wconf 88' lang='lat' dir='ltr'><strong>fidei</strong></span> <span class='ocrx_word' id='word_1_239' title='bbox 1535 2183 1636 2210; x_wconf 87' lang='lat' dir='ltr'><strong>con-</strong></span> 
     </span>
     <span class='ocr_line' id='line_1_29' title="bbox 281 2236 565 2279; baseline 0 -1"><span class='ocrx_word' id='word_1_240' title='bbox 281 2236 565 2279; x_wconf 86' lang='lat' dir='ltr'><strong>firmarentur.</strong></span> 
     </span>
    </p>

    <p class='ocr_par' dir='ltr' id='par_1_5' title="bbox 278 2306 1640 2498">
     <span class='ocr_line' id='line_1_30' title="bbox 337 2306 1640 2364; baseline -0.002 -14"><span class='ocrx_word' id='word_1_241' title='bbox 337 2307 454 2350; x_wconf 87' lang='lat' dir='ltr'><strong>XIII.</strong></span> <span class='ocrx_word' id='word_1_242' title='bbox 490 2307 583 2350; x_wconf 88' lang='lat' dir='ltr'><strong>Non</strong></span> <span class='ocrx_word' id='word_1_243' title='bbox 606 2307 685 2348; x_wconf 85' lang='lat' dir='ltr'><strong>alia</strong></span> <span class='ocrx_word' id='word_1_244' title='bbox 712 2307 838 2349; x_wconf 88' lang='lat' dir='ltr'><strong>etiam</strong></span> <span class='ocrx_word' id='word_1_245' title='bbox 863 2307 952 2363; x_wconf 87' lang='lat' dir='ltr'><strong>ejus</strong></span> <span class='ocrx_word' id='word_1_246' title='bbox 975 2307 1204 2364; x_wconf 82' lang='lat' dir='ltr'><strong>discipulus</strong></span> <span class='ocrx_word' id='word_1_247' title='bbox 1228 2307 1488 2356; x_wconf 86' lang='lat' dir='ltr'><strong>imitatione,</strong></span> <span class='ocrx_word' id='word_1_248' title='bbox 1513 2306 1640 2364; x_wconf 87' lang='lat' dir='ltr'><strong>quiet</strong></span> 
     </span>
     <span class='ocr_line' id='line_1_31' title="bbox 278 2378 1638 2436; baseline 0 -16"><span class='ocrx_word' id='word_1_249' title='bbox 278 2379 364 2436; x_wconf 84' lang='lat' dir='ltr'><strong>ipse</strong></span> <span class='ocrx_word' id='word_1_250' title='bbox 396 2397 410 2417; x_wconf 79' lang='grc' dir='ltr'>α</span> <span class='ocrx_word' id='word_1_251' title='bbox 427 2378 542 2420; x_wconf 86' lang='lat' dir='ltr'><strong>Dixit</strong></span> <span class='ocrx_word' id='word_1_252' title='bbox 573 2379 680 2435; x_wconf 91' lang='lat' dir='ltr'><strong>patri</strong></span> <span class='ocrx_word' id='word_1_253' title='bbox 702 2394 776 2420; x_wconf 88' lang='lat' dir='ltr'><strong>suo</strong></span> <span class='ocrx_word' id='word_1_254' title='bbox 803 2387 844 2420; x_wconf 89' lang='lat' dir='ltr'><strong>et</strong></span> <span class='ocrx_word' id='word_1_255' title='bbox 866 2379 990 2419; x_wconf 87' lang='lat' dir='ltr'><strong>matri</strong></span> <span class='ocrx_word' id='word_1_256' title='bbox 1014 2394 1098 2420; x_wconf 83' lang='lat' dir='ltr'><strong>suae</strong></span> <span class='ocrx_word' id='word_1_257' title='bbox 1127 2394 1135 2419; x_wconf 76' lang='grc' dir='ltr'><strong>ε</strong></span> <span class='ocrx_word' id='word_1_258' title='bbox 1159 2379 1250 2421; x_wconf 84' lang='lat' dir='ltr'><strong>Non</strong></span> <span class='ocrx_word' id='word_1_259' title='bbox 1274 2379 1359 2420; x_wconf 85' lang='lat' dir='ltr'><strong>vidi</strong></span> <span class='ocrx_word' id='word_1_260' title='bbox 1392 2379 1479 2421; x_wconf 88' lang='lat' dir='ltr'><strong>te⁵.</strong></span> <span class='ocrx_word' id='word_1_261' title='bbox 1503 2398 1518 2418; x_wconf 74' lang='lat' dir='ltr'>n</span> <span class='ocrx_word' id='word_1_262' title='bbox 1547 2379 1638 2422; x_wconf 83' lang='lat' dir='ltr'><strong>Non</strong></span> 
     </span>
     <span class='ocr_line' id='line_1_32' title="bbox 279 2448 1639 2498; baseline 0 -9"><span class='ocrx_word' id='word_1_263' title='bbox 279 2449 382 2490; x_wconf 82' lang='lat' dir='ltr'><strong>vidit</strong></span> <span class='ocrx_word' id='word_1_264' title='bbox 406 2448 518 2490; x_wconf 89' lang='lat' dir='ltr'><strong>enim</strong></span> <span class='ocrx_word' id='word_1_265' title='bbox 542 2449 705 2498; x_wconf 76' lang='lat' dir='ltr'><strong>studio,</strong></span> <span class='ocrx_word' id='word_1_266' title='bbox 726 2464 811 2491; x_wconf 88' lang='lat' dir='ltr'><strong>non</strong></span> <span class='ocrx_word' id='word_1_267' title='bbox 834 2449 938 2491; x_wconf 72' lang='lat' dir='ltr'><strong>vidit</strong></span> <span class='ocrx_word' id='word_1_268' title='bbox 967 2449 1119 2491; x_wconf 84' lang='lat' dir='ltr'><strong>affectu</strong></span> <span class='ocrx_word' id='word_1_269' title='bbox 1147 2464 1156 2490; x_wconf 91' lang='lat'>:</span> <span class='ocrx_word' id='word_1_270' title='bbox 1181 2457 1223 2491; x_wconf 85' lang='lat' dir='ltr'><strong>et</strong></span> <span class='ocrx_word' id='word_1_271' title='bbox 1245 2448 1394 2492; x_wconf 84' lang='lat' dir='ltr'><strong>fratres</strong></span> <span class='ocrx_word' id='word_1_272' title='bbox 1437 2463 1533 2491; x_wconf 88' lang='lat' dir='ltr'><strong>suos</strong></span> <span class='ocrx_word' id='word_1_273' title='bbox 1555 2463 1639 2490; x_wconf 85' lang='lat' dir='ltr'><strong>non</strong></span> 
     </span>
    </p>
   </div>
   <div class='ocr_carea' id='block_1_3' title="bbox 276 2552 1635 2649">
    <p class='ocr_par' dir='ltr' id='par_1_6' title="bbox 276 2552 1635 2649">
     <span class='ocr_line' id='line_1_33' title="bbox 326 2552 1635 2603; baseline 0.001 -20"><span class='ocrx_word' id='word_1_274' title='bbox 326 2562 332 2575; x_wconf 84' lang='lat'>¹</span> <span class='ocrx_word' id='word_1_275' title='bbox 356 2553 373 2583; x_wconf 83' lang='lat'>3</span> <span class='ocrx_word' id='word_1_276' title='bbox 390 2553 470 2593; x_wconf 81' lang='lat' dir='ltr'><strong>Reg.</strong></span> <span class='ocrx_word' id='word_1_277' title='bbox 488 2563 518 2591; x_wconf 82' lang='lat' dir='ltr'><strong>x,</strong></span> <span class='ocrx_word' id='word_1_278' title='bbox 539 2552 590 2590; x_wconf 65' lang='lat'><strong>24.</strong></span> <span class='ocrx_word' id='word_1_279' title='bbox 605 2570 644 2575; x_wconf 93' lang='lat'><strong>——</strong></span> <span class='ocrx_word' id='word_1_280' title='bbox 662 2561 673 2575; x_wconf 82' lang='lat'>²</span> <span class='ocrx_word' id='word_1_281' title='bbox 694 2553 792 2585; x_wconf 84' lang='lat' dir='ltr'><strong>Deut.</strong></span> <span class='ocrx_word' id='word_1_282' title='bbox 806 2564 923 2593; x_wconf 63' lang='lat' dir='ltr'><strong>xxxin,</strong></span> <span class='ocrx_word' id='word_1_283' title='bbox 943 2553 996 2603; x_wconf 38' lang='lat' dir='ltr'><strong>RS.</strong></span> <span class='ocrx_word' id='word_1_284' title='bbox 1015 2572 1054 2578; x_wconf 97' lang='lat'>—</span> <span class='ocrx_word' id='word_1_285' title='bbox 1072 2554 1086 2577; x_wconf 79' lang='lat'>³</span> <span class='ocrx_word' id='word_1_286' title='bbox 1104 2552 1192 2586; x_wconf 78' lang='lat' dir='ltr'><strong>lbid.</strong></span> <span class='ocrx_word' id='word_1_287' title='bbox 1214 2563 1243 2596; x_wconf 88' lang='lat'><strong>9.</strong></span> <span class='ocrx_word' id='word_1_288' title='bbox 1266 2571 1306 2578; x_wconf 91' lang='lat'><strong>—-</strong></span> <span class='ocrx_word' id='word_1_289' title='bbox 1328 2556 1342 2582; x_wconf 78' lang='grc'><strong>4</strong></span> <span class='ocrx_word' id='word_1_290' title='bbox 1360 2553 1460 2586; x_wconf 87' lang='lat' dir='ltr'><strong>Eccli.</strong></span> <span class='ocrx_word' id='word_1_291' title='bbox 1478 2564 1566 2591; x_wconf 65' lang='lat' dir='ltr'><strong>xciv,</strong></span> <span class='ocrx_word' id='word_1_292' title='bbox 1589 2554 1635 2584; x_wconf 83' lang='lat'><strong>15.</strong></span> 
     </span>
     <span class='ocr_line' id='line_1_34' title="bbox 276 2606 811 2649; baseline 0.004 -11"><span class='ocrx_word' id='word_1_293' title='bbox 276 2624 316 2630; x_wconf 96' lang='lat'>—</span> <span class='ocrx_word' id='word_1_294' title='bbox 333 2607 345 2629; x_wconf 80' lang='lat'>⁵</span> <span class='ocrx_word' id='word_1_295' title='bbox 364 2606 462 2639; x_wconf 81' lang='lat' dir='ltr'><strong>Deut.</strong></span> <span class='ocrx_word' id='word_1_296' title='bbox 479 2617 596 2645; x_wconf 73' lang='lat' dir='ltr'><strong>xxxin,</strong></span> <span class='ocrx_word' id='word_1_297' title='bbox 616 2617 650 2648; x_wconf 88' lang='lat'><strong>9,</strong></span> <span class='ocrx_word' id='word_1_298' title='bbox 669 2611 700 2639; x_wconf 82' lang='lat' dir='ltr'><strong>et</strong></span> <span class='ocrx_word' id='word_1_299' title='bbox 718 2617 811 2649; x_wconf 74' lang='lat' dir='ltr'><strong>seqq.</strong></span> 
     </span>
    </p>
   </div>
  </div>
 </body>
</html>
