1774 3158
666 243 1000 274 ANNO'rATloasss.
1426 230 1478 270 52
1491 246 1505 270 1

159 325 357 374 Rufinus,
385 324 456 368 lib.
486 340 521 372 ις
550 324 668 367 Hisz.
698 338 787 381 cap.
824 338 897 378 ¹73
921 324 1134 371 Socrates,
1156 322 1230 366 lib.
1259 337 1298 371 2,
1323 337 1413 379 cap.
1445 322 1514 369 Lo',

162 406 285 453 atque
313 395 392 438 alii.

501 539 744 567 ANNOTA'HO
778 524 906 580 (131)
946 538 1037 580 pag.
1078 522 1175 564 353.

223 661 424 719 Cognitor
452 675 560 717 saepe
584 661 672 717 ipse
702 660 831 716 judex
862 667 950 705 est,
978 659 1047 714 qui
1071 672 1239 700 causam
1273 657 1521 715 cognoscit:

163 747 271 789 saepe
296 740 545 789 procurator
575 731 680 778 litis,
706 731 773 771 cui
796 730 906 786 apud
935 729 1123 785 judicem
1150 728 1344 785 praesenti
1370 743 1389 770 a
1413 743 1520 785 prae-

164 812 281 845 sente
304 802 510 858 litigatore
528 816 650 842 causa
675 801 958 842 committitur
981 815 989 841 ε
1022 815 1130 857 saepe
1146 800 1270 841 etiam
1293 799 1324 840 is
1342 807 1427 846 est,
1454 798 1525 854 qui

164 872 263 914 alios
287 873 338 914 de
363 879 471 912 statu
500 886 574 912 suo
601 871 883 927 disceptantes
909 885 1139 926 agnoscere
1165 884 1208 910 se
1231 869 1359 916 dicit,
1385 877 1427 909 et
1449 882 1522 908 eo·-

164 959 257 985 rum
281 943 454 991 natalia,
478 943 746 1000 patriamque
774 943 910 983 docet.
941 941 1029 983 Cic.
1065 941 1105 982 in
1134 941 1307 984 Verrem
1336 956 1344 981 ε
1380 933 1525 982 Civeru

164 1014 401 1057 Romanum
424 1013 494 1069 qui
519 1014 759 1070 cognitores
779 1012 971 1054 homines
988 1012 1189 1054 honestos
1212 1013 1356 1059 daret,
1383 1011 1526 1052 subla-

166 1092 255 1126 tum
278 1100 368 1127 esse
390 1085 431 1126 in
455 1099 642 1126 crucem.
674 1084 736 1125 Ita
763 1082 963 1125 Nannius.

511 1244 756 1273 ΑΝΝΟΤΔΉΟ
793 1231 915 1287 (132)
952 1245 1044 1287 pag.
1085 1228 1183 1270 356.

228 1375 414 1418 AErarius
435 1407 445 1422 ,
467 1375 602 1431 inquit
625 1374 834 1423 Nannius‚
861 1374 951 1416 fieri
973 1374 1218 1422 dicebatur,
1242 1374 1312 1430 qui
1336 1373 1525 1431 plebeius

170 1460 189 1487 a
212 1445 457 1487 censoribus
482 1446 521 1486 in
547 1446 734 1487 Ceritum
753 1446 915 1487 tabulas
938 1445 1198 1486 referebatur
1214 1476 1224 1491 ‚
1262 1458 1309 1486 ac
1342 1459 1417 1500 per
1442 1443 1525 1485 hoc

170 1530 220 1556 ex
245 1516 340 1556 albo
357 1516 558 1557 centuriae
581 1530 664 1556 suae
687 1524 921 1572 expunctus
936 1547 945 1562 ,
968 1515 1146 1571 amplius
1164 1528 1243 1554 aera
1265 1513 1418 1554 mereri
1440 1526 1525 1553 non

170 1594 346 1642 poterat.
384 1587 510 1636 Quod
544 1601 641 1627 cum
676 1601 751 1642 per
784 1585 1082 1642 imperatorem
1112 1583 1258 1631 fieret,
1284 1597 1365 1624 aare
1399 1581 1528 1624 diruti

172 1656 511 1698 nominabantur.
531 1657 668 1698 Livius
682 1658 770 1698 dec.
795 1657 927 1697 tertiae
947 1657 971 1697 l.
994 1671 1036 1710 9,
1052 1655 1160 1696 inter
1174 1654 1345 1695 nomina
1359 1667 1524 1700 eorum,

172 1740 276 1781 quos
299 1726 465 1768 aerarios
497 1726 786 1782 relinquebat,
814 1727 931 1768 dedit
958 1726 1128 1781 collegae
1161 1739 1328 1766 nomen.
1375 1723 1458 1766 Sed
1486 1731 1528 1765 et

173 1797 307 1837 aerarii
337 1797 560 1852 aliquando
583 1797 738 1838 milites
766 1797 1018 1838 dicebantur
1046 1795 1257 1836 contrario
1289 1809 1439 1841 sensu,
1460 1792 1531 1848 qui

175 1881 256 1908 aera
280 1867 567 1922 accipiebant,
601 1866 672 1922 qui
695 1869 893 1919 μιστεφόροι
917 1865 1182 1909 dicebantur.
1215 1863 1362 1905 Cicero
1387 1863 1438 1904 ad
1461 1863 1532 1904 At-

177 1936 326 1984 ticum,
355 1936 504 1978 Milites
527 1945 711 1978 nontam
731 1936 882 1983 ae-rarii,
907 1950 1032 1992 quam
1055 1944 1101 1976 ut
1122 1935 1387 1991 appellantur
1399 1932 1528 1974 aerati.

179 2007 317 2063 Atque
340 2008 396 2048 ita
429 2006 496 2049 hic
531 2007 728 2064 capitur:
764 2021 859 2047 uam
898 2021 1103 2064 pauperes
1134 2005 1205 2062 qui
1243 2006 1294 2047 de
1327 2003 1536 2061 stipendio

179 2075 377 2119 Ecclesiae
400 2077 615 2125 vivebant,
637 2076 802 2118 aerarios
831 2076 990 2118 Christi
1013 2075 1250 2133 appellavit.

520 2228 765 2256 ΑΝΝΟΤΑΤιο
804 2213 930 2269 (133)
969 2228 1065 2271 pag,
1102 2211 1199 2254 363.

248 2352 474 2408 Gregorius
492 2352 647 2394 Turon.
676 2351 749 2392 lib.
779 2367 812 2399 1,
846 2351 1029 2398 Mimo„
1051 2365 1141 2408 cap.
1171 2351 1225 2406 47
1244 2382 1253 2396 ‚
1274 2363 1363 2390 rem
1385 2357 1550 2397 narrat,

191 2436 316 2477 quam
339 2421 380 2461 in
400 2421 569 2462 historia
589 2420 659 2462 SS.
690 2421 878 2462 Gervasii
899 2436 944 2462 ac
967 2420 1143 2462 Protasii
1169 2420 1377 2476 proditam
1401 2426 1525 2474 negat
1540 2450 1552 2466 ‚

193 2493 266 2534 sed
287 2492 363 2533 sibi
388 2492 444 2534 ait
467 2492 686 2548 cujusdam
706 2492 946 2534 narratione
969 2491 1180 2549 cognitam
1200 2507 1210 2539 3
1232 2489 1431 2531 nimirum
1454 2503 1553 2530 cum

195 2563 304 2605 inter
332 2577 446 2604 sacra
470 2578 492 2604 e
514 2577 680 2604 camera
709 2562 905 2606 decidens
925 2563 1066 2609 tabula
1096 2561 1136 2603 in
1160 2560 1299 2617 capita
1319 2559 1555 2616 Martyrum
