1774 3158
489 257 771 290 ans-romaum
805 258 963 288 cmssm
994 261 1021 289 1.
1354 246 1436 289 335

94 345 287 394 oportere
320 345 444 380 tantae
481 336 616 394 plebis
643 335 924 378 salutemPEt
946 336 1038 378 ideo
1075 337 1308 386 excidium,
1333 337 1447 393 quod

93 416 284 464 paratum
307 407 381 449 toti
401 406 494 448 urbi
512 406 668 455 suerat,
694 404 931 447 removisse.

152 477 306 521 XXVI.
344 477 428 520 Nec
450 492 567 518 mora
584 510 595 525 ,
620 476 838 518 nuntiatur
863 475 1158 532 imperatorem
1181 477 1370 532 jussisse,
1393 485 1440 519 ut

95 548 343 589 recederent
372 546 522 588 milites
555 547 607 587 de
630 544 798 587 basilica
833 559 844 585 t
878 546 1207 601 negotiatoribus
1243 561 1435 602 quoque,

96 618 208 674 quod
227 617 359 659 exacti
390 617 441 658 de
463 615 813 659 condemnatione
831 615 1018 663 fuerant,
1043 617 1304 658 redderetur.
1335 617 1438 668 Quoe

97 694 196 728 tunc
219 687 353 744 plebis
380 687 507 728 totius
527 686 668 727 laetitia
696 684 803 726 fuit?
824 685 896 741 qui
924 685 1050 726 totius
1072 686 1218 742 populi
1236 686 1439 742 plausus?

97 771 187 811 quae
205 755 374 811 gratiae?
397 756 501 796 Erat-
518 763 658 796 autem
681 754 767 795 dies
790 768 873 809 quo
897 768 986 796 sese
1006 753 1210 795 Dominus
1227 768 1303 810 pro
1320 754 1440 795 nohis

100 824 396 881 tradidit,‘quo
427 826 467 866 in
490 824 674 866 Ecclesia
700 824 947 881 poenitentia
979 824 1201 865 relaxatur.
1239 823 1440 866 Certatim

98 895 178 938 hoc
198 896 391 937 nuntiare
414 895 565 936 milites
580 928 589 943 ,
616 895 822 936 irruentes
845 895 886 935 in
913 893 1054 935 altaria
1074 925 1084 941 ,
1110 894 1262 936 osculis
1283 892 1443 951 signifi-

99 979 195 1006 care
217 966 329 1022 pacis
348 965 520 1022 insigne.
538 964 656 1006 Tunc
683 964 828 1020 agnovi
851 963 966 1019 quod
987 963 1098 1004 Deus
1120 976 1306 1005 vermem
1331 972 1443 1005 ante-

98 1036 298 1077 lucanum
322 1042 610 1092 percusserat,
640 1042 686 1075 ut
702 1041 788 1076 tota
811 1034 954 1076 civitas
977 1042 1224 1076 servaretur.

158 1104 334 1147 XXVII,
372 1105 469 1147 Haec
491 1113 603 1162 gesta
630 1112 743 1151 sunt,
774 1111 898 1160 atque
918 1103 1079 1145 utinam
1101 1103 1186 1159 jam
1207 1102 1345 1145 finita!
1372 1104 1445 1145 sed

101 1175 309 1230 graviores
343 1184 482 1217 motus
511 1175 674 1216 futuros
713 1174 836 1230 plena
882 1172 1179 1215 commotionis
1218 1172 1446 1229 imperialia

103 1246 229 1286 verba
267 1245 466 1286 indicant.
510 1244 596 1300 Ego
632 1252 834 1299 tyrannus
874 1243 1086 1299 appellor,
1128 1250 1170 1283 et
1201 1243 1292 1298 plus
1322 1242 1448 1283 etiam

103 1330 228 1372 quam
254 1323 467 1371 tyrannus.
494 1313 598 1355 Nam
626 1327 722 1354 cum
741 1312 1037 1368 imperatorem
1059 1311 1233 1352 comites
1250 1310 1449 1352 obsecra-

103 1393 216 1433 rent,
242 1385 302 1426 nti
333 1384 521 1440 prodiret
553 1384 605 1424 ad
634 1382 892 1429 Ecclesiam3
932 1382 1059 1437 idque
1097 1381 1231 1437 petitu
1265 1380 1447 1422 militum

106 1454 242 1502 facere
259 1469 302 1495 se
321 1455 530 1505 dicerent,
553 1452 767 1507 respondit
784 1466 793 1492 ε
809 1450 853 1492 Si
867 1451 984 1492 vobis
1002 1450 1168 1503 jusserit
1186 1450 1450 1499 Ambrosius,

105 1525 292 1565 vinctum
316 1539 383 1564 me
400 1522 583 1565 tradetis.
601 1522 714 1573 Quid
728 1530 822 1578 post
842 1521 950 1563 hanc
967 1534 1113 1562 vocem
1132 1521 1335 1576 supersit,
1355 1535 1451 1562 con-

107 1595 255 1637 sidera.
285 1595 422 1646 Quam
456 1607 602 1635 vocem
633 1606 780 1634 omnes
812 1591 1144 1639 cohorruerunt,
1183 1591 1257 1633 sed
1283 1591 1452 1633 habeta

108 1664 259 1720 quibus
276 1671 557 1722 exasperetur.

167 1725 368 1776 XXVIII'.
393 1722 593 1788 (Denique
610 1732 734 1773 etiam
751 1730 920 1788 speciali
939 1731 1205 1787 expressione
1216 1730 1456 1787 Calligonus

109 1803 356 1861 praepositus
395 1802 581 1844 cubiculi
606 1802 809 1843 mandare
837 1800 939 1842 mihi
968 1815 1091 1842 ausus
1120 1809 1182 1842 est
1209 1800 1306 1843 :Me
1338 1801 1454 1848 vivo,

111 1884 155 1915 tu
179 1873 411 1915 contemnis
425 1872 762 1914 Valentinianum
778 1870 796 1912 Ρ
811 1870 946 1927 Caput
970 1871 1044 1912 tibi
1068 1871 1182 1912 tollo.
1210 1870 1422 1928 Respondi
1441 1887 1453 1920 ;

111 1945 224 1986 Deus
249 1943 464 2001 permittat
485 1942 585 1990 tibi,
612 1950 657 1983 ut
678 1942 852 1998 impleas
882 1942 996 1997 quod
1023 1941 1219 1989 minari53
1243 1955 1319 1998 ego
1346 1941 1459 1982 enim

112 2015 245 2071 patiar
266 2015 379 2070 quod
406 2012 614 2069 episcopi,
642 2020 687 2053 tu
710 2011 836 2053 facies
857 2012 972 2067 quod
993 2012 1210 2068 spadones.
1234 2011 1370 2068 Atque
1388 2011 1464 2052 uti-

113 2099 209 2126 nam
232 2085 343 2126 Deus
367 2091 524 2125 avertat
548 2096 618 2123 eos
649 2082 699 2123 ab
722 2080 930 2129 Ecclesia,
956 2081 997 2123 in
1025 2069 1094 2123 me
1115 2081 1256 2123 omnia
1281 2096 1354 2124 sua
1379 2082 1460 2124 tela

113 2161 382 2203 convertant,
398 2167 491 2195 meo
516 2152 718 2209 sanguine
739 2151 852 2194 sitim
878 2166 996 2193 suam
1015 2152 1221 2209 expleant.
