1774 3158
503 267 786 299 EPISTOLARUM
819 268 975 297 σωθεῖς
1009 268 1035 294 1.
1370 250 1454 306 239

163 351 368 395 Palladius
392 349 520 394 dixit:
542 350 592 391 Et
614 365 689 407 ego
717 364 788 392 vos
805 381 816 398 ‚
840 348 953 405 quod
977 345 1229 403 interrogavi
1249 377 1258 396 ,
1284 358 1455 401 respon·

107 424 205 466 dore
223 422 426 464 noluistis.

163 493 320 542 XXIV.
352 490 600 534 Ambrosius
623 491 846 549 episcopus
870 488 972 532 dixit
1001 503 1009 529 ε
1043 487 1198 544 Aperte
1221 487 1271 529 de
1299 494 1339 528 te
1361 500 1457 527 sen-

108 565 280 608 tentiam
305 578 446 621 quaero
468 578 476 603 :
497 561 629 609 Filius
663 562 736 603 Dei
759 561 886 602 habet
918 559 1276 601 immortalitatem
1302 572 1457 599 secun·-

107 636 206 677 dum
225 634 536 691 generationem
561 632 742 674 divinam
757 663 767 679 ,
798 645 951 672 annon
977 629 1131 671 habet?

164 705 371 748 Palladius
396 704 497 746 dixit
527 719 535 744 :
563 702 807 744 Secundum
841 700 1154 757 generationem
1182 698 1363 741 divinam
1393 697 1456 739 in«

109 775 394 833 corruptibilis
410 807 420 822 ,
446 783 487 816 et
507 789 583 831 pel*
603 788 773 816 carnem
794 781 987 815 mortuus
1009 779 1086 813 est.

165 845 413 889 Ambrosius
439 844 659 902 episcopus
684 843 784 886 dixit
807 842 926 886 :Non
951 841 1152 884 Divinitas
1176 848 1341 882 mortua
1369 847 1454 888 est,

109 918 179 960 sed
206 931 302 958 caro
324 923 487 958 mortua
508 923 584 957 est.

166 987 373 1030 Palladius
398 986 499 1029 dixit
521 1001 530 1028 ε
556 987 663 1028 Ante
686 1000 755 1028 vos
771 986 873 1029 mihi
893 986 1157 1042 respondete.

168 1058 415 1100 Ambrosius
439 1057 660 1114 episcopus
679 1056 808 1099 dixit:
840 1057 968 1099 Filius
992 1056 1067 1098 Dei
1091 1056 1324 1097 secundum
1357 1054 1460 1096 divi-

110 1128 284 1176 nitatem
309 1128 436 1170 habet
457 1127 818 1169 immortalitatem
834 1160 843 1175 ‚
860 1142 909 1168 an
929 1141 1011 1169 non
1037 1125 1195 1167 hahet?
1212 1124 1294 1167 Sed
1317 1133 1359 1167 et
1375 1124 1459 1180 jam

109 1199 276 1241 fraudes
300 1206 341 1239 et
371 1196 539 1238 insidias
563 1205 654 1238 tuas
678 1211 760 1237 non
784 1198 1018 1238 secundum
1038 1194 1458 1252 Arriiprosessionem

109 1267 357 1327 prodidisti?
379 1275 420 1308 et
441 1267 602 1309 addidit
624 1281 632 1308 :
654 1266 738 1318 Qui
760 1267 914 1309 Filium
951 1267 1027 1309 Dei
1051 1274 1174 1323 negat
1202 1265 1356 1308 habere
1379 1264 1460 1307 im-

110 1339 406 1383 mortalitatem
428 1370 437 1386 ,
457 1337 559 1394 quid
583 1338 698 1380 vobis
720 1338 917 1380 videtur?

169 1409 326 1452 Omnes
348 1408 531 1465 episcopi
553 1408 776 1450 dixerunt:
798 1407 1033 1450 Anathema
1054 1407 1274 1452 habeatur.

170 1480 305 1524 XXV.
343 1479 550 1523 Palladius
573 1479 675 1526 dixit
695 1494 704 1522 ε
726 1479 849 1521 Salus
872 1479 1036 1521 divinus
1059 1478 1306 1522 immortalis
1329 1486 1404 1522 est.

170 1551 417 1594 Ambrosius
448 1549 669 1607 episcopus
700 1549 802 1592 dixit
837 1565 845 1591 :
878 1549 1025 1591 Astute
1046 1556 1088 1590 et
1110 1549 1190 1591 hoc
1207 1581 1217 1598 ‚
1242 1557 1288 1591 ut
1312 1548 1362 1591 de
1382 1548 1460 1591 Dei

112 1620 218 1663 Filio
241 1620 344 1662 nihil
371 1620 576 1677 exprimas
594 1619 830 1667 evidenter,
857 1627 898 1661 et
920 1632 997 1674 ego
1031 1618 1125 1659 dico
1143 1634 1151 1660 :
1171 1619 1463 1661 Immortalita-

115 1700 197 1733 tem
220 1691 346 1733 habet
381 1690 455 1732 Dei
486 1689 614 1732 Filius
647 1690 882 1732 secundum
914 1687 1213 1738 Divinitatem‚
1250 1698 1322 1732 aut
1356 1703 1461 1746 nega

113 1763 210 1820 quia
233 1777 317 1804 non
337 1761 463 1803 habet
486 1760 859 1802 immortalitatem.

172 1831 379 1874 Palladius
401 1831 504 1872 dixit
524 1846 533 1871 :
561 1830 751 1872 Christus
770 1839 961 1873 mortuus
984 1840 1069 1880 est,
1100 1846 1149 1873 an
1169 1829 1286 1871 non?

175 1901 421 1949 Ambrosius
438 1900 660 1958 episeopus
686 1900 1076 1944 dixittSecundum
1106 1914 1275 1942 carnem
1299 1913 1310 1942 z
1330 1899 1467 1942 anima

116 1982 256 2016 nostra
279 1987 362 2015 non
390 1971 589 2019 moritum
627 1970 829 2027 scriptum
853 1980 914 2014 est
935 1972 1047 2014 enim
1077 1987 1086 2013 :
1112 1989 1127 2010 α
1157 1971 1294 2014 Nolite
1318 1970 1467 2013 timere

118 2058 216 2086 »eos
243 2042 312 2099 qui
347 2041 547 2083 occidunt
583 2055 759 2098 corpus,
791 2041 971 2083 animam
1002 2050 1142 2084 autem
1173 2055 1259 2082 non
1290 2047 1467 2097 possunt

119 2112 384 2156 »occidere¹.
407 2130 422 2152 »
446 2111 551 2153 Cum
581 2111 705 2168 igitur
733 2110 870 2153 anima
892 2120 1035 2154 nostra
1069 2111 1176 2153 mori
1197 2125 1282 2152 non
1304 2110 1434 2168 possit
1458 2143 1468 2160 ,

118 2193 238 2244 putas
260 2184 374 2241 quod
390 2181 579 2225 Christus
601 2183 835 2225 secundum
863 2182 1129 2228 Divinitatem
1153 2189 1346 2223 mortuus
1367 2179 1450 2222 sit?

176 2255 384 2302 Palladius
407 2253 508 2296 dixit
529 2268 538 2294 ε
560 2253 703 2295 Mortis
724 2253 1050 2310 appellationem
1072 2267 1202 2308 quare
1224 2259 1270 2293 tu
1294 2249 1471 2293 horres?

178 2326 424 2371 Ambrosius
444 2324 664 2382 episeopus
687 2324 811 2367 dixit:
830 2325 919 2366 Imo
940 2339 1023 2365 non
1046 2324 1198 2366 horreo
1214 2356 1225 2372 ‚
1251 2323 1324 2365 sed
1343 2320 1476 2364 confi-

122 2410 212 2443 teor
236 2398 468 2444 secundum
494 2410 664 2438 carnem
686 2410 847 2444 meam3
869 2403 933 2438 est
958 2394 1066 2437 enim
1088 2409 1163 2452 per
1178 2408 1304 2451 quem
1323 2408 1344 2435 a
1364 2407 1475 2435 mor-

124 2471 174 2514 tis
196 2467 372 2512 vinculis
394 2481 485 2508 sum
503 2466 730 2508 revinctus.

180 2539 387 2583 Palladius
411 2536 514 2580 dixit
542 2551 551 2578 t
584 2536 761 2580 Mortem
793 2534 999 2593 separatio
1026 2535 1125 2578 facit
1154 2533 1350 2592 spiritus;
1376 2548 1474 2576 nam

171 2631 178 2647 ¹
199 2620 320 2654 Manli.
341 2629 400 2656 xii,
419 2618 470 2651 28.

1485 1481 1490 1502 ί
