1774 3158
630 259 965 290 ANNOTATmNEs.
1392 241 1478 285 505

122 350 413 385 recurrerent:
430 356 513 398 quo
535 341 704 397 quidem
731 341 894 380 honore
916 339 1051 396 ipsum
1072 337 1252 379 maxime
1270 336 1309 378 in
1326 336 1477 377 Eccle-

121 413 177 454 sia
199 413 364 469 propria
380 411 558 468 spoliare
576 411 757 452 nolu-orit
770 409 1033 451 Ambrosius.
1055 408 1185 450 Porro
1204 406 1254 448 de
1274 406 1475 463 dignitate

120 482 308 537 ejusdem
333 482 530 524 Ecclesiae
550 482 669 538 plura
692 481 801 536 apud
825 480 1048 536 [ghollum
1070 477 1266 535 reperIes.

479 648 721 675 ΑᾹΝΟΤΑΉυ
760 633 846 688 (90)
884 646 974 687 pag.
1017 633 1112 671 252.

179 770 380 813 Anemius
411 781 503 826 post
533 777 709 809 mortem
735 767 938 808 Germinii
965 767 1034 823 qni
1059 766 1330 808 Sirmiensem
1356 766 1474 809 inva-

122 850 230 882 serat
258 841 486 882 Ecclesiam
505 873 514 887 ‚
543 839 625 879 illic
655 839 704 879 ab
737 838 988 887 Ambrosio,
1023 836 1186 878 Justina
1217 852 1308 892 quae
1338 837 1472 878 modis

119 911 316 951 omnibus
338 910 562 951 Arrianum
587 908 683 965 eligi
705 908 935 964 satagebat,
956 907 1100 954 invita,
1125 905 1341 948 ordinatus
1364 906 1469 947 suit:

118 980 158 1021 in
183 995 262 1036 qua
285 979 550 1021 ordinatione
575 979 825 1019 miraculum
852 978 1013 1034 insigne
1035 977 1190 1018 sactum
1210 975 1473 1018 Paulinus.in

117 1050 327 1091 Ambrosii
348 1050 427 1090 vita
447 1058 768 1091 commemorat.
795 1048 919 1100 Quod
940 1056 1077 1088 autem
1097 1046 1296 1087 Sirmium
1315 1045 1474 1101 Illyrici

117 1130 244 1177 caput
271 1136 395 1177 supra
419 1120 649 1160 nominavit
669 1120 779 1160 idem
803 1119 1022 1164 Anemius,
1052 1119 1093 1159 id
1119 1119 1181 1159 vel
1207 1119 1256 1158 ‹le
1281 1117 1477 1157 occiden-

118 1191 388 1249 tali-Illyrico
414 1189 734 1246 intelligendum
766 1198 850 1237 (³513
875 1190 940 1230 vel
964 1188 994 1229 si
1019 1187 1143 1229 etiam
1173 1188 1223 1228 de
1247 1185 1469 1234 Orientali,

117 1250 345 1304 dicendum
380 1261 459 1302 crit
492 1261 635 1302 sedem
667 1259 1088 1302 Thessalonicensem
1122 1260 1305 1300 necdum
1336 1272 1356 1298 a
1387 1256 1473 1298 Da-

116 1347 232 1374 maso
264 1332 307 1373 in
339 1331 583 1388 metropolis
615 1329 863 1387 dignitatem
890 1337 1078 1371 evectam
1103 1327 1250 1376 fuisse,
1284 1335 1331 1369 ut
1361 1326 1472 1369 idem

117 1402 382 1445 Hormaunus
409 1401 449 1443 in
472 1401 686 1444 Ambrosii
709 1400 805 1444 Vita
823 1402 1056 1458 prudenter
1078 1400 1288 1441 observat.

477 1572 724 1601 ANNo'rA'rm
764 1559 853 1614 (91)
889 1572 982 1614 pag.
1023 1555 1122 1598 253.

177 1691 290 1735 Nihil
316 1692 485 1734 obstare
518 1707 616 1734 sane
648 1692 881 1738 credimus,
907 1691 1008 1748 quin
1029 1691 1100 1733 hic
1124 1689 1332 1732 Eusebius
1361 1689 1474 1731 idem

118 1760 206 1818 ipse
230 1762 295 1810 sit,
325 1762 394 1818 qui
412 1763 486 1804 lib.
509 1763 560 1804 de
582 1762 823 1820 Virginit„
846 1777 941 1818 cap,
966 1777 1036 1809 20,
1057 1776 1173 1802 num.
1204 1776 1299 1817 129.
1315 1760 1364 1801 ab
1378 1759 1475 1801 Am·

118 1832 261 1875 brosio
285 1833 441 1874 dicitur
463 1835 656 1890 piscator
679 1833 888 1875 Ecclesiae
912 1833 1227 1879 Bononiensis,
1261 1840 1390 1887 aptus
1417 1829 1476 1871 ad

119 1902 198 1945 hoc
211 1904 586 1961 piscamligenus,
606 1905 647 1946 id
664 1913 742 1952 est,
760 1905 811 1945 ad
829 1904 1167 1961 persuadendum
1185 1902 1332 1958 puellis
1349 1915 1477 1942 sacrae

119 1975 368 2032 virginitatis
387 1976 650 2033 propositum
668 1991 676 2017 τ
694 1985 735 2017 et
756 1976 833 2017 sub
857 1991 939 2032 qno
958 1974 1253 2016 florentissima
1276 1971 1476 2014 Bononiae

120 2046 290 2089 fuerunt
311 2047 680 2089 sanctimonalium
704 2047 1002 2094 contubernia,
1021 2061 1112 2102 quae
1131 2044 1180 2086 ab
1205 2044 1353 2085 eodem
1376 2042 1473 2084 Am-

120 2117 261 2159 brosio
282 2118 528 2167 laudantur,
550 2118 625 2160 lib.
650 2133 680 2165 1,
704 2118 754 2159 de
778 2117 977 2175 Virgin„
1005 2130 1097 2173 cap.
1128 2131 1168 2164 2,
1192 2130 1310 2157 num.
1337 2113 1408 2155 60.

541 2268 783 2297 ANNOTATxo
821 2254 911 2310 (92)
951 2253 1050 2295 ibid.

183 2387 362 2429 Sabinus
390 2387 482 2437 hic,
507 2403 579 2430 seu
603 2388 803 2437 Savinus,
829 2404 914 2430 non
938 2388 1039 2430 alius
1061 2388 1226 2430 videtur
1253 2387 1304 2429 ab
1327 2402 1376 2428 eo
1399 2387 1477 2429 Sa-

122 2457 240 2506 bino,
264 2457 316 2498 ad
335 2473 461 2515 quem
488 2458 603 2500 haud
621 2474 768 2516 paucae
788 2459 1002 2501 Ambrosii
1029 2467 1170 2500 extant
1193 2458 1378 2516 epistolae
1396 2472 1406 2500 z
1426 2456 1478 2500 de

121 2543 205 2585 quo
227 2530 405 2586 proinde
432 2545 576 2573 rursus
602 2538 802 2575 occurret
828 2529 996 2575 dicendi
1015 2531 1149 2574 locus.
