<?xml version="1.0" encoding="UTF-8"?>
<!DOCTYPE html PUBLIC "-//W3C//DTD XHTML 1.0 Transitional//EN"
    "http://www.w3.org/TR/xhtml1/DTD/xhtml1-transitional.dtd">
<html xmlns="http://www.w3.org/1999/xhtml" xml:lang="en" lang="en">
 <head>
  <title>
</title>
<meta http-equiv="Content-Type" content="text/html;charset=utf-8" />
  <meta name='ocr-system' content='tesseract 3.04.00' />
  <meta name='ocr-capabilities' content='ocr_page ocr_carea ocr_par ocr_line ocrx_word'/>
</head>
<body>
  <div class='ocr_page' id='page_1' title='image "./omniaequaeextant08ambruoft_0550.png"; bbox 0 0 1774 3158; ppageno 0'>
   <div class='ocr_carea' id='block_1_1' title="bbox 267 305 1099 346">
    <p class='ocr_par' dir='ltr' id='par_1_1' title="bbox 267 305 1099 346">
     <span class='ocr_line' id='line_1_1' title="bbox 267 305 1099 346; baseline -0.008 0"><span class='ocrx_word' id='word_1_1' title='bbox 267 305 351 346; x_wconf 77' lang='lat'><strong>530</strong></span> <span class='ocrx_word' id='word_1_2' title='bbox 766 312 1099 342; x_wconf 70' lang='grc' dir='ltr'><strong>ΔΝΝοΤΔΤιοΝΕε.</strong></span> 
     </span>
    </p>
   </div>
   <div class='ocr_carea' id='block_1_2' title="bbox 604 453 1264 510">
    <p class='ocr_par' dir='ltr' id='par_1_2' title="bbox 604 453 1264 510">
     <span class='ocr_line' id='line_1_2' title="bbox 604 453 1264 510; baseline -0.003 -14"><span class='ocrx_word' id='word_1_3' title='bbox 604 467 848 496; x_wconf 64' lang='lat' dir='ltr'><strong>Annorum</strong></span> <span class='ocrx_word' id='word_1_4' title='bbox 878 453 1002 510; x_wconf 81' lang='lat'><strong>(151)</strong></span> <span class='ocrx_word' id='word_1_5' title='bbox 1032 467 1125 510; x_wconf 85' lang='lat' dir='ltr'><strong>pag.</strong></span> <span class='ocrx_word' id='word_1_6' title='bbox 1166 454 1264 508; x_wconf 74' lang='grc'><strong>437.</strong></span> 
     </span>
    </p>
   </div>
   <div class='ocr_carea' id='block_1_3' title="bbox 262 588 1620 1569">
    <p class='ocr_par' dir='ltr' id='par_1_3' title="bbox 262 588 1620 1569">
     <span class='ocr_line' id='line_1_3' title="bbox 325 588 1611 650; baseline -0.005 -14"><span class='ocrx_word' id='word_1_7' title='bbox 325 593 525 647; x_wconf 86' lang='lat' dir='ltr'><strong>Quamvis</strong></span> <span class='ocrx_word' id='word_1_8' title='bbox 571 593 774 650; x_wconf 86' lang='lat' dir='ltr'><strong>reprobos</strong></span> <span class='ocrx_word' id='word_1_9' title='bbox 809 592 990 648; x_wconf 80' lang='lat' dir='ltr'>Angelos</span> <span class='ocrx_word' id='word_1_10' title='bbox 1029 592 1081 633; x_wconf 87' lang='lat' dir='ltr'><strong>ad</strong></span> <span class='ocrx_word' id='word_1_11' title='bbox 1119 590 1344 647; x_wconf 86' lang='lat' dir='ltr'><strong>exigendas</strong></span> <span class='ocrx_word' id='word_1_12' title='bbox 1384 588 1611 632; x_wconf 88' lang='lat' dir='ltr'><strong>criminum</strong></span> 
     </span>
     <span class='ocr_line' id='line_1_4' title="bbox 269 659 1614 724; baseline -0.007 -15"><span class='ocrx_word' id='word_1_13' title='bbox 269 680 412 724; x_wconf 83' lang='lat' dir='ltr'><strong>poenas</strong></span> <span class='ocrx_word' id='word_1_14' title='bbox 433 666 546 708; x_wconf 86' lang='lat' dir='ltr'><strong>Deus</strong></span> <span class='ocrx_word' id='word_1_15' title='bbox 574 664 839 722; x_wconf 89' lang='lat' dir='ltr'><strong>potissimum</strong></span> <span class='ocrx_word' id='word_1_16' title='bbox 865 662 1084 710; x_wconf 86' lang='lat' dir='ltr'><strong>adhibeat,</strong></span> <span class='ocrx_word' id='word_1_17' title='bbox 1109 661 1225 718; x_wconf 85' lang='lat' dir='ltr'>quasi</span> <span class='ocrx_word' id='word_1_18' title='bbox 1246 660 1415 718; x_wconf 81' lang='lat' dir='ltr'><strong>justitiae</strong></span> <span class='ocrx_word' id='word_1_19' title='bbox 1437 674 1521 702; x_wconf 84' lang='lat' dir='ltr'><strong>suae</strong></span> <span class='ocrx_word' id='word_1_20' title='bbox 1542 659 1614 701; x_wconf 90' lang='lat' dir='ltr'><strong>lic-</strong></span> 
     </span>
     <span class='ocr_line' id='line_1_5' title="bbox 263 732 1614 791; baseline -0.006 -12"><span class='ocrx_word' id='word_1_21' title='bbox 263 746 376 779; x_wconf 83' lang='lat' dir='ltr'><strong>tores</strong></span> <span class='ocrx_word' id='word_1_22' title='bbox 396 752 443 779; x_wconf 84' lang='lat' dir='ltr'><strong>ac</strong></span> <span class='ocrx_word' id='word_1_23' title='bbox 463 736 680 785; x_wconf 83' lang='lat' dir='ltr'><strong>satellites,</strong></span> <span class='ocrx_word' id='word_1_24' title='bbox 714 736 827 776; x_wconf 88' lang='lat' dir='ltr'><strong>unde</strong></span> <span class='ocrx_word' id='word_1_25' title='bbox 848 735 1024 791; x_wconf 82' lang='lat' dir='ltr'><strong>legimus</strong></span> <span class='ocrx_word' id='word_1_26' title='bbox 1054 734 1160 776; x_wconf 89' lang='lat' dir='ltr'><strong>Psal.</strong></span> <span class='ocrx_word' id='word_1_27' title='bbox 1190 749 1261 790; x_wconf 86' lang='lat'><strong>77,</strong></span> <span class='ocrx_word' id='word_1_28' title='bbox 1286 748 1392 774; x_wconf 87' lang='lat' dir='ltr'><strong>vers.</strong></span> <span class='ocrx_word' id='word_1_29' title='bbox 1419 733 1499 788; x_wconf 68' lang='lat'><strong>49,</strong></span> <span class='ocrx_word' id='word_1_30' title='bbox 1527 732 1614 771; x_wconf 78' lang='lat' dir='ltr'><strong>im·</strong></span> 
     </span>
     <span class='ocr_line' id='line_1_6' title="bbox 262 800 1615 864; baseline -0.005 -15"><span class='ocrx_word' id='word_1_31' title='bbox 262 808 487 850; x_wconf 74' lang='lat' dir='ltr'><em>missiones</em></span> <span class='ocrx_word' id='word_1_32' title='bbox 500 823 580 864; x_wconf 74' lang='lat' dir='ltr'><strong>per</strong></span> <span class='ocrx_word' id='word_1_33' title='bbox 599 807 792 862; x_wconf 76' lang='lat' dir='ltr'><em>Angelos</em></span> <span class='ocrx_word' id='word_1_34' title='bbox 807 807 968 853; x_wconf 85' lang='lat' dir='ltr'><strong>mal0s;</strong></span> <span class='ocrx_word' id='word_1_35' title='bbox 990 804 1110 846; x_wconf 90' lang='lat' dir='ltr'><strong>bonis</strong></span> <span class='ocrx_word' id='word_1_36' title='bbox 1128 813 1268 845; x_wconf 85' lang='lat' dir='ltr'><strong>tamen</strong></span> <span class='ocrx_word' id='word_1_37' title='bbox 1288 803 1543 859; x_wconf 78' lang='lat' dir='ltr'>quandoque</span> <span class='ocrx_word' id='word_1_38' title='bbox 1564 800 1615 843; x_wconf 83' lang='lat' dir='ltr'><strong>ad</strong></span> 
     </span>
     <span class='ocr_line' id='line_1_7' title="bbox 264 873 1616 929; baseline -0.006 -7"><span class='ocrx_word' id='word_1_39' title='bbox 264 880 345 922; x_wconf 88' lang='lat' dir='ltr'><strong>hoc</strong></span> <span class='ocrx_word' id='word_1_40' title='bbox 368 879 646 921; x_wconf 84' lang='lat' dir='ltr'><strong>ministerium</strong></span> <span class='ocrx_word' id='word_1_41' title='bbox 672 877 820 925; x_wconf 87' lang='lat' dir='ltr'><strong>utitur,</strong></span> <span class='ocrx_word' id='word_1_42' title='bbox 847 885 894 917; x_wconf 88' lang='lat' dir='ltr'><strong>ut</strong></span> <span class='ocrx_word' id='word_1_43' title='bbox 916 891 999 917; x_wconf 91' lang='lat' dir='ltr'><strong>non</strong></span> <span class='ocrx_word' id='word_1_44' title='bbox 1017 877 1153 917; x_wconf 89' lang='lat' dir='ltr'><strong>solum</strong></span> <span class='ocrx_word' id='word_1_45' title='bbox 1172 890 1222 917; x_wconf 83' lang='lat' dir='ltr'><strong>ex</strong></span> <span class='ocrx_word' id='word_1_46' title='bbox 1241 874 1362 916; x_wconf 85' lang='lat' dir='ltr'><strong>variis</strong></span> <span class='ocrx_word' id='word_1_47' title='bbox 1381 874 1484 915; x_wconf 89' lang='lat' dir='ltr'><strong>locis</strong></span> <span class='ocrx_word' id='word_1_48' title='bbox 1506 873 1616 929; x_wconf 85' lang='lat' dir='ltr'><strong>Apo-</strong></span> 
     </span>
     <span class='ocr_line' id='line_1_8' title="bbox 267 944 1612 1007; baseline -0.007 -14"><span class='ocrx_word' id='word_1_49' title='bbox 267 950 445 1007; x_wconf 77' lang='lat' dir='ltr'><strong>calypsis</strong></span> <span class='ocrx_word' id='word_1_50' title='bbox 500 947 795 1003; x_wconf 77' lang='lat' dir='ltr'><strong>intelligimus,</strong></span> <span class='ocrx_word' id='word_1_51' title='bbox 848 946 1124 987; x_wconf 74' lang='lat' dir='ltr'><strong>verumetiam</strong></span> <span class='ocrx_word' id='word_1_52' title='bbox 1161 945 1287 987; x_wconf 85' lang='lat' dir='ltr'><strong>elib.</strong></span> <span class='ocrx_word' id='word_1_53' title='bbox 1329 959 1389 986; x_wconf 61' lang='grc' dir='ltr'><strong>ιν.</strong></span> <span class='ocrx_word' id='word_1_54' title='bbox 1425 944 1612 999; x_wconf 83' lang='lat' dir='ltr'><strong>Regum,</strong></span> 
     </span>
     <span class='ocr_line' id='line_1_9' title="bbox 268 1013 1617 1077; baseline -0.005 -15"><span class='ocrx_word' id='word_1_55' title='bbox 268 1035 359 1077; x_wconf 86' lang='lat' dir='ltr'><strong>cap.</strong></span> <span class='ocrx_word' id='word_1_56' title='bbox 387 1035 458 1075; x_wconf 83' lang='lat'><strong>19,</strong></span> <span class='ocrx_word' id='word_1_57' title='bbox 488 1026 528 1059; x_wconf 87' lang='lat' dir='ltr'><strong>ot</strong></span> <span class='ocrx_word' id='word_1_58' title='bbox 550 1018 732 1065; x_wconf 63' lang='lat' dir='ltr'><strong>Daniel„</strong></span> <span class='ocrx_word' id='word_1_59' title='bbox 758 1031 849 1073; x_wconf 83' lang='lat' dir='ltr'><strong>cap.</strong></span> <span class='ocrx_word' id='word_1_60' title='bbox 890 1031 954 1058; x_wconf 90' lang='lat'><strong>10.</strong></span> <span class='ocrx_word' id='word_1_61' title='bbox 990 1016 1117 1067; x_wconf 88' lang='lat' dir='ltr'><strong>Quod</strong></span> <span class='ocrx_word' id='word_1_62' title='bbox 1144 1023 1283 1056; x_wconf 87' lang='lat' dir='ltr'><strong>autem</strong></span> <span class='ocrx_word' id='word_1_63' title='bbox 1314 1022 1489 1056; x_wconf 78' lang='lat' dir='ltr'><strong>testatur</strong></span> <span class='ocrx_word' id='word_1_64' title='bbox 1512 1013 1617 1056; x_wconf 86' lang='lat' dir='ltr'><strong>Am-</strong></span> 
     </span>
     <span class='ocr_line' id='line_1_10' title="bbox 265 1084 1617 1144; baseline -0.005 -12"><span class='ocrx_word' id='word_1_65' title='bbox 265 1090 428 1132; x_wconf 86' lang='lat' dir='ltr'><strong>brosius</strong></span> <span class='ocrx_word' id='word_1_66' title='bbox 459 1089 630 1130; x_wconf 81' lang='lat' dir='ltr'><strong>eosdem</strong></span> <span class='ocrx_word' id='word_1_67' title='bbox 659 1086 841 1144; x_wconf 83' lang='lat' dir='ltr'><strong>Angelos</strong></span> <span class='ocrx_word' id='word_1_68' title='bbox 873 1086 1171 1142; x_wconf 81' lang='lat' dir='ltr'><strong>ingemiscere,</strong></span> <span class='ocrx_word' id='word_1_69' title='bbox 1201 1085 1243 1126; x_wconf 87' lang='lat' dir='ltr'><strong>id</strong></span> <span class='ocrx_word' id='word_1_70' title='bbox 1269 1100 1320 1125; x_wconf 88' lang='lat' dir='ltr'><strong>eo</strong></span> <span class='ocrx_word' id='word_1_71' title='bbox 1347 1099 1471 1126; x_wconf 89' lang='lat' dir='ltr'><strong>sensu</strong></span> <span class='ocrx_word' id='word_1_72' title='bbox 1504 1084 1617 1126; x_wconf 90' lang='lat' dir='ltr'><strong>acci—</strong></span> 
     </span>
     <span class='ocr_line' id='line_1_11' title="bbox 266 1155 1618 1219; baseline -0.005 -16"><span class='ocrx_word' id='word_1_73' title='bbox 266 1160 467 1219; x_wconf 86' lang='lat' dir='ltr'><strong>piendum</strong></span> <span class='ocrx_word' id='word_1_74' title='bbox 493 1168 580 1208; x_wconf 90' lang='lat' dir='ltr'><strong>est,</strong></span> <span class='ocrx_word' id='word_1_75' title='bbox 611 1174 694 1215; x_wconf 90' lang='lat' dir='ltr'><strong>quo</strong></span> <span class='ocrx_word' id='word_1_76' title='bbox 721 1158 911 1215; x_wconf 86' lang='lat' dir='ltr'><strong>sequenti</strong></span> <span class='ocrx_word' id='word_1_77' title='bbox 941 1158 1118 1214; x_wconf 80' lang='lat' dir='ltr'><strong>epistola</strong></span> <span class='ocrx_word' id='word_1_78' title='bbox 1155 1155 1360 1213; x_wconf 87' lang='lat' dir='ltr'><strong>significat</strong></span> <span class='ocrx_word' id='word_1_79' title='bbox 1394 1155 1470 1197; x_wconf 92' lang='lat' dir='ltr'><strong>hos</strong></span> <span class='ocrx_word' id='word_1_80' title='bbox 1508 1155 1618 1212; x_wconf 90' lang='lat' dir='ltr'><strong>ipsos</strong></span> 
     </span>
     <span class='ocr_line' id='line_1_12' title="bbox 267 1225 1618 1288; baseline -0.006 -14"><span class='ocrx_word' id='word_1_81' title='bbox 267 1231 434 1288; x_wconf 80' lang='lat' dir='ltr'><strong>corpori</strong></span> <span class='ocrx_word' id='word_1_82' title='bbox 465 1229 665 1272; x_wconf 80' lang='lat' dir='ltr'><strong>Ecclesiae</strong></span> <span class='ocrx_word' id='word_1_83' title='bbox 697 1228 906 1285; x_wconf 74' lang='lat' dir='ltr'><strong>compati,</strong></span> <span class='ocrx_word' id='word_1_84' title='bbox 944 1236 1143 1283; x_wconf 79' lang='lat' dir='ltr'><strong>tanquam</strong></span> <span class='ocrx_word' id='word_1_85' title='bbox 1175 1226 1367 1267; x_wconf 86' lang='lat' dir='ltr'><strong>membra</strong></span> <span class='ocrx_word' id='word_1_86' title='bbox 1403 1225 1618 1282; x_wconf 83' lang='lat' dir='ltr'><strong>superiora</strong></span> 
     </span>
     <span class='ocr_line' id='line_1_13' title="bbox 266 1298 1620 1353; baseline -0.006 -9"><span class='ocrx_word' id='word_1_87' title='bbox 266 1301 534 1344; x_wconf 82' lang='lat' dir='ltr'><strong>inferioribus</strong></span> <span class='ocrx_word' id='word_1_88' title='bbox 563 1300 765 1342; x_wconf 84' lang='lat' dir='ltr'><strong>membris</strong></span> <span class='ocrx_word' id='word_1_89' title='bbox 794 1298 1095 1340; x_wconf 68' lang='lat' dir='ltr'><strong>laborantibus.</strong></span> <span class='ocrx_word' id='word_1_90' title='bbox 1139 1298 1226 1339; x_wconf 87' lang='lat' dir='ltr'><strong>Hac</strong></span> <span class='ocrx_word' id='word_1_91' title='bbox 1264 1305 1404 1338; x_wconf 89' lang='lat' dir='ltr'><strong>autem</strong></span> <span class='ocrx_word' id='word_1_92' title='bbox 1431 1310 1620 1353; x_wconf 88' lang='lat' dir='ltr'><strong>compas-</strong></span> 
     </span>
     <span class='ocr_line' id='line_1_14' title="bbox 266 1366 1619 1427; baseline -0.005 -14"><span class='ocrx_word' id='word_1_93' title='bbox 266 1373 382 1414; x_wconf 86' lang='lat' dir='ltr'><strong>sione</strong></span> <span class='ocrx_word' id='word_1_94' title='bbox 410 1372 578 1412; x_wconf 88' lang='lat' dir='ltr'><strong>illorum</strong></span> <span class='ocrx_word' id='word_1_95' title='bbox 615 1385 698 1412; x_wconf 90' lang='lat' dir='ltr'><strong>non</strong></span> <span class='ocrx_word' id='word_1_96' title='bbox 730 1369 925 1427; x_wconf 88' lang='lat' dir='ltr'><strong>impediri</strong></span> <span class='ocrx_word' id='word_1_97' title='bbox 958 1369 1200 1410; x_wconf 69' lang='lat' dir='ltr'><strong>felicitatem</strong></span> <span class='ocrx_word' id='word_1_98' title='bbox 1231 1366 1488 1424; x_wconf 80' lang='lat' dir='ltr'><strong>Augustinus</strong></span> <span class='ocrx_word' id='word_1_99' title='bbox 1521 1380 1619 1408; x_wconf 85' lang='lat' dir='ltr'><strong>cum</strong></span> 
     </span>
     <span class='ocr_line' id='line_1_15' title="bbox 268 1436 1619 1495; baseline -0.005 -10"><span class='ocrx_word' id='word_1_100' title='bbox 268 1443 366 1486; x_wconf 87' lang='lat' dir='ltr'><strong>alibi</strong></span> <span class='ocrx_word' id='word_1_101' title='bbox 388 1457 475 1485; x_wconf 92' lang='lat' dir='ltr'><strong>non</strong></span> <span class='ocrx_word' id='word_1_102' title='bbox 501 1443 654 1494; x_wconf 80' lang='lat' dir='ltr'><strong>semel,</strong></span> <span class='ocrx_word' id='word_1_103' title='bbox 676 1450 765 1483; x_wconf 91' lang='lat' dir='ltr'><strong>tum</strong></span> <span class='ocrx_word' id='word_1_104' title='bbox 788 1441 829 1482; x_wconf 92' lang='lat' dir='ltr'><strong>in</strong></span> <span class='ocrx_word' id='word_1_105' title='bbox 847 1440 919 1482; x_wconf 88' lang='lat' dir='ltr'><strong>lib.</strong></span> <span class='ocrx_word' id='word_1_106' title='bbox 944 1440 994 1481; x_wconf 74' lang='lat' dir='ltr'><strong>de</strong></span> <span class='ocrx_word' id='word_1_107' title='bbox 1029 1440 1161 1481; x_wconf 72' lang='lat' dir='ltr'><strong>civit.</strong></span> <span class='ocrx_word' id='word_1_108' title='bbox 1187 1439 1270 1481; x_wconf 72' lang='lat' dir='ltr'><strong>Dei</strong></span> <span class='ocrx_word' id='word_1_109' title='bbox 1292 1438 1484 1495; x_wconf 90' lang='lat' dir='ltr'><strong>pluribus</strong></span> <span class='ocrx_word' id='word_1_110' title='bbox 1515 1436 1619 1480; x_wconf 89' lang='lat' dir='ltr'><strong>locis</strong></span> 
     </span>
     <span class='ocr_line' id='line_1_16' title="bbox 271 1510 1229 1569; baseline -0.005 -14"><span class='ocrx_word' id='word_1_111' title='bbox 271 1515 421 1562; x_wconf 86' lang='lat' dir='ltr'><strong>docet,</strong></span> <span class='ocrx_word' id='word_1_112' title='bbox 441 1527 488 1554; x_wconf 86' lang='lat' dir='ltr'><strong>ac</strong></span> <span class='ocrx_word' id='word_1_113' title='bbox 508 1521 601 1569; x_wconf 84' lang='lat' dir='ltr'><strong>post</strong></span> <span class='ocrx_word' id='word_1_114' title='bbox 627 1527 724 1553; x_wconf 85' lang='lat' dir='ltr'><strong>eum</strong></span> <span class='ocrx_word' id='word_1_115' title='bbox 749 1526 897 1568; x_wconf 87' lang='lat' dir='ltr'><strong>agmen</strong></span> <span class='ocrx_word' id='word_1_116' title='bbox 918 1510 1229 1566; x_wconf 85' lang='lat' dir='ltr'><strong>theologorum.</strong></span> 
     </span>
    </p>
   </div>
   <div class='ocr_carea' id='block_1_4' title="bbox 619 1655 1282 1713">
    <p class='ocr_par' dir='ltr' id='par_1_4' title="bbox 619 1655 1282 1713">
     <span class='ocr_line' id='line_1_17' title="bbox 619 1655 1282 1713; baseline -0.006 -14"><span class='ocrx_word' id='word_1_117' title='bbox 619 1671 862 1699; x_wconf 73' lang='lat' dir='ltr'><strong>ANNo&#39;rA‘rm</strong></span> <span class='ocrx_word' id='word_1_118' title='bbox 897 1655 1021 1713; x_wconf 80' lang='lat'><strong>(152)</strong></span> <span class='ocrx_word' id='word_1_119' title='bbox 1052 1669 1143 1712; x_wconf 86' lang='lat' dir='ltr'><strong>pag.</strong></span> <span class='ocrx_word' id='word_1_120' title='bbox 1186 1655 1282 1704; x_wconf 65' lang='lat'><strong>453.</strong></span> 
     </span>
    </p>
   </div>
   <div class='ocr_carea' id='block_1_5' title="bbox 268 1788 1627 2202">
    <p class='ocr_par' dir='ltr' id='par_1_5' title="bbox 268 1788 1627 2202">
     <span class='ocr_line' id='line_1_18' title="bbox 329 1788 1623 1847; baseline -0.002 -12"><span class='ocrx_word' id='word_1_121' title='bbox 329 1792 453 1835; x_wconf 85' lang='lat' dir='ltr'><strong>Putat</strong></span> <span class='ocrx_word' id='word_1_122' title='bbox 476 1790 663 1834; x_wconf 88' lang='lat' dir='ltr'><strong>Nannius</strong></span> <span class='ocrx_word' id='word_1_123' title='bbox 697 1790 881 1847; x_wconf 89' lang='lat' dir='ltr'><strong>palmam</strong></span> <span class='ocrx_word' id='word_1_124' title='bbox 916 1788 1077 1832; x_wconf 88' lang='lat' dir='ltr'><strong>lictoris</strong></span> <span class='ocrx_word' id='word_1_125' title='bbox 1109 1789 1220 1831; x_wconf 88' lang='lat' dir='ltr'><strong>idem</strong></span> <span class='ocrx_word' id='word_1_126' title='bbox 1251 1803 1340 1830; x_wconf 88' lang='lat' dir='ltr'><strong>esse</strong></span> <span class='ocrx_word' id='word_1_127' title='bbox 1363 1802 1410 1830; x_wconf 86' lang='lat' dir='ltr'><strong>ac</strong></span> <span class='ocrx_word' id='word_1_128' title='bbox 1433 1789 1623 1846; x_wconf 88' lang='lat' dir='ltr'><strong>praetoris</strong></span> 
     </span>
     <span class='ocr_line' id='line_1_19' title="bbox 268 1858 1624 1918; baseline -0.001 -14"><span class='ocrx_word' id='word_1_129' title='bbox 268 1862 495 1905; x_wconf 81' lang='lat' dir='ltr'><strong>vindictam</strong></span> <span class='ocrx_word' id='word_1_130' title='bbox 522 1862 634 1918; x_wconf 84' lang='lat' dir='ltr'><strong>apud</strong></span> <span class='ocrx_word' id='word_1_131' title='bbox 655 1860 889 1902; x_wconf 79' lang='lat' dir='ltr'><strong>Horatium.</strong></span> <span class='ocrx_word' id='word_1_132' title='bbox 919 1860 1019 1902; x_wconf 88' lang='lat' dir='ltr'><strong>Erat</strong></span> <span class='ocrx_word' id='word_1_133' title='bbox 1038 1866 1178 1902; x_wconf 89' lang='lat' dir='ltr'><strong>autem</strong></span> <span class='ocrx_word' id='word_1_134' title='bbox 1200 1858 1409 1908; x_wconf 82' lang='lat' dir='ltr'><strong>vindicta,</strong></span> <span class='ocrx_word' id='word_1_135' title='bbox 1435 1859 1544 1909; x_wconf 88' lang='lat' dir='ltr'><strong>sive,</strong></span> <span class='ocrx_word' id='word_1_136' title='bbox 1578 1868 1624 1902; x_wconf 89' lang='lat' dir='ltr'><strong>ut</strong></span> 
     </span>
     <span class='ocr_line' id='line_1_20' title="bbox 270 1930 1625 1988; baseline 0 -13"><span class='ocrx_word' id='word_1_137' title='bbox 270 1933 337 1976; x_wconf 85' lang='lat' dir='ltr'><strong>alii</strong></span> <span class='ocrx_word' id='word_1_138' title='bbox 357 1939 534 1981; x_wconf 86' lang='lat' dir='ltr'><strong>vocant,</strong></span> <span class='ocrx_word' id='word_1_139' title='bbox 556 1931 718 1973; x_wconf 85' lang='lat' dir='ltr'><strong>festuca</strong></span> <span class='ocrx_word' id='word_1_140' title='bbox 735 1965 745 1980; x_wconf 93' lang='lat'><strong>,</strong></span> <span class='ocrx_word' id='word_1_141' title='bbox 772 1933 964 1988; x_wconf 79' lang='lat' dir='ltr'><strong>quaedam</strong></span> <span class='ocrx_word' id='word_1_142' title='bbox 986 1931 1100 1987; x_wconf 87' lang='lat' dir='ltr'><strong>virga</strong></span> <span class='ocrx_word' id='word_1_143' title='bbox 1134 1930 1256 1988; x_wconf 86' lang='lat' dir='ltr'><strong>cujus</strong></span> <span class='ocrx_word' id='word_1_144' title='bbox 1287 1938 1500 1981; x_wconf 88' lang='lat' dir='ltr'><strong>extremo,</strong></span> <span class='ocrx_word' id='word_1_145' title='bbox 1540 1931 1625 1975; x_wconf 87' lang='lat' dir='ltr'><strong>sive</strong></span> 
     </span>
     <span class='ocr_line' id='line_1_21' title="bbox 268 2000 1625 2061; baseline -0.001 -16"><span class='ocrx_word' id='word_1_146' title='bbox 268 2011 446 2061; x_wconf 83' lang='lat' dir='ltr'><strong>praetor‚</strong></span> <span class='ocrx_word' id='word_1_147' title='bbox 472 2003 558 2044; x_wconf 83' lang='lat' dir='ltr'><strong>sive</strong></span> <span class='ocrx_word' id='word_1_148' title='bbox 578 2001 696 2059; x_wconf 91' lang='lat' dir='ltr'><strong>jussu</strong></span> <span class='ocrx_word' id='word_1_149' title='bbox 726 2001 919 2057; x_wconf 85' lang='lat' dir='ltr'><strong>ejusdem</strong></span> <span class='ocrx_word' id='word_1_150' title='bbox 946 2001 1088 2053; x_wconf 83' lang='lat' dir='ltr'><strong>lictor,</strong></span> <span class='ocrx_word' id='word_1_151' title='bbox 1114 2009 1243 2058; x_wconf 90' lang='lat' dir='ltr'><strong>caput</strong></span> <span class='ocrx_word' id='word_1_152' title='bbox 1269 2000 1378 2043; x_wconf 87' lang='lat' dir='ltr'><strong>illius</strong></span> <span class='ocrx_word' id='word_1_153' title='bbox 1399 2033 1410 2050; x_wconf 93' lang='lat'><strong>,</strong></span> <span class='ocrx_word' id='word_1_154' title='bbox 1430 2001 1502 2058; x_wconf 93' lang='lat' dir='ltr'><strong>qui</strong></span> <span class='ocrx_word' id='word_1_155' title='bbox 1520 2016 1625 2044; x_wconf 90' lang='lat' dir='ltr'><strong>asse-</strong></span> 
     </span>
     <span class='ocr_line' id='line_1_22' title="bbox 274 2072 1626 2131; baseline 0 -15"><span class='ocrx_word' id='word_1_156' title='bbox 274 2075 449 2117; x_wconf 88' lang='lat' dir='ltr'><strong>rebatur</strong></span> <span class='ocrx_word' id='word_1_157' title='bbox 468 2074 509 2116; x_wconf 92' lang='lat' dir='ltr'><strong>in</strong></span> <span class='ocrx_word' id='word_1_158' title='bbox 530 2074 794 2123; x_wconf 87' lang='lat' dir='ltr'><strong>libertatem,</strong></span> <span class='ocrx_word' id='word_1_159' title='bbox 819 2072 1048 2130; x_wconf 83' lang='lat' dir='ltr'><strong>tangebat3</strong></span> <span class='ocrx_word' id='word_1_160' title='bbox 1071 2073 1282 2115; x_wconf 82' lang='lat' dir='ltr'><strong>malumus</strong></span> <span class='ocrx_word' id='word_1_161' title='bbox 1313 2079 1455 2114; x_wconf 87' lang='lat' dir='ltr'><strong>tamen</strong></span> <span class='ocrx_word' id='word_1_162' title='bbox 1487 2073 1626 2131; x_wconf 87' lang='lat' dir='ltr'><strong>palma</strong></span> 
     </span>
     <span class='ocr_line' id='line_1_23' title="bbox 274 2141 1627 2202; baseline -0.001 -15"><span class='ocrx_word' id='word_1_163' title='bbox 274 2143 500 2202; x_wconf 84' lang='lat' dir='ltr'><strong>significari</strong></span> <span class='ocrx_word' id='word_1_164' title='bbox 538 2143 697 2186; x_wconf 88' lang='lat' dir='ltr'><strong>domini</strong></span> <span class='ocrx_word' id='word_1_165' title='bbox 729 2159 804 2186; x_wconf 90' lang='lat' dir='ltr'><strong>seu</strong></span> <span class='ocrx_word' id='word_1_166' title='bbox 836 2143 995 2187; x_wconf 86' lang='lat' dir='ltr'><strong>lictoris</strong></span> <span class='ocrx_word' id='word_1_167' title='bbox 1022 2157 1225 2191; x_wconf 86' lang='lat' dir='ltr'><strong>manum,</strong></span> <span class='ocrx_word' id='word_1_168' title='bbox 1259 2157 1340 2199; x_wconf 86' lang='lat' dir='ltr'><strong>qua</strong></span> <span class='ocrx_word' id='word_1_169' title='bbox 1370 2141 1430 2185; x_wconf 89' lang='lat' dir='ltr'><strong>illi</strong></span> <span class='ocrx_word' id='word_1_170' title='bbox 1462 2142 1627 2200; x_wconf 84' lang='lat' dir='ltr'><strong>alapam</strong></span> 
     </span>
    </p>
   </div>
   <div class='ocr_carea' id='block_1_6' title="bbox 271 2211 1624 2326">
    <p class='ocr_par' dir='ltr' id='par_1_6' title="bbox 271 2211 1624 2326">
     <span class='ocr_line' id='line_1_24' title="bbox 271 2211 1624 2271; baseline -0.001 -15"><span class='ocrx_word' id='word_1_171' title='bbox 271 2213 613 2256; x_wconf 86' lang='lat' dir='ltr'><strong>manumittendo</strong></span> <span class='ocrx_word' id='word_1_172' title='bbox 634 2213 885 2271; x_wconf 84' lang='lat' dir='ltr'><strong>infligebant</strong></span> <span class='ocrx_word' id='word_1_173' title='bbox 903 2229 913 2255; x_wconf 89' lang='lat'><strong>:</strong></span> <span class='ocrx_word' id='word_1_174' title='bbox 934 2214 986 2256; x_wconf 84' lang='lat' dir='ltr'><strong>de</strong></span> <span class='ocrx_word' id='word_1_175' title='bbox 1007 2227 1089 2270; x_wconf 95' lang='lat' dir='ltr'><strong>quo</strong></span> <span class='ocrx_word' id='word_1_176' title='bbox 1112 2211 1241 2261; x_wconf 86' lang='lat' dir='ltr'><strong>Vide,</strong></span> <span class='ocrx_word' id='word_1_177' title='bbox 1259 2212 1332 2255; x_wconf 92' lang='lat' dir='ltr'><strong>lib.</strong></span> <span class='ocrx_word' id='word_1_178' title='bbox 1361 2227 1418 2262; x_wconf 90' lang='lat'><strong>11,</strong></span> <span class='ocrx_word' id='word_1_179' title='bbox 1438 2211 1624 2262; x_wconf 84' lang='lat' dir='ltr'><strong>Phoedri,</strong></span> 
     </span>
     <span class='ocr_line' id='line_1_25' title="bbox 273 2283 454 2326; baseline 0.006 -1"><span class='ocrx_word' id='word_1_180' title='bbox 273 2283 357 2326; x_wconf 81' lang='lat' dir='ltr'><strong>fab.</strong></span> <span class='ocrx_word' id='word_1_181' title='bbox 385 2284 454 2326; x_wconf 76' lang='lat'><strong>56.</strong></span> 
     </span>
    </p>
   </div>
   <div class='ocr_carea' id='block_1_7' title="bbox 623 2421 1300 2479">
    <p class='ocr_par' dir='ltr' id='par_1_7' title="bbox 623 2421 1300 2479">
     <span class='ocr_line' id='line_1_26' title="bbox 623 2421 1300 2479; baseline 0.001 -15"><span class='ocrx_word' id='word_1_182' title='bbox 623 2435 867 2464; x_wconf 74' lang='lat' dir='ltr'><strong>ANNOTATIO</strong></span> <span class='ocrx_word' id='word_1_183' title='bbox 906 2421 1031 2478; x_wconf 83' lang='lat'>(153)</span> <span class='ocrx_word' id='word_1_184' title='bbox 1068 2436 1161 2479; x_wconf 85' lang='lat' dir='ltr'><strong>pag.</strong></span> <span class='ocrx_word' id='word_1_185' title='bbox 1197 2421 1300 2479; x_wconf 75' lang='grc'><strong>457.</strong></span> 
     </span>
    </p>
   </div>
   <div class='ocr_carea' id='block_1_8' title="bbox 269 2557 1624 2686">
    <p class='ocr_par' dir='ltr' id='par_1_8' title="bbox 269 2557 1624 2686">
     <span class='ocr_line' id='line_1_27' title="bbox 329 2557 1624 2616; baseline 0 -16"><span class='ocrx_word' id='word_1_186' title='bbox 329 2558 420 2600; x_wconf 87' lang='lat' dir='ltr'><strong>Hoc</strong></span> <span class='ocrx_word' id='word_1_187' title='bbox 442 2557 671 2616; x_wconf 90' lang='lat' dir='ltr'><strong>Sophoclei</strong></span> <span class='ocrx_word' id='word_1_188' title='bbox 694 2574 837 2602; x_wconf 80' lang='lat' dir='ltr'><strong>versus</strong></span> <span class='ocrx_word' id='word_1_189' title='bbox 862 2559 1104 2616; x_wconf 85' lang='lat' dir='ltr'><strong>exemplum</strong></span> <span class='ocrx_word' id='word_1_190' title='bbox 1133 2574 1184 2602; x_wconf 83' lang='lat' dir='ltr'><strong>ex</strong></span> <span class='ocrx_word' id='word_1_191' title='bbox 1213 2559 1389 2602; x_wconf 86' lang='lat' dir='ltr'><strong>Philone</strong></span> <span class='ocrx_word' id='word_1_192' title='bbox 1413 2573 1511 2602; x_wconf 89' lang='lat' dir='ltr'><strong>cum</strong></span> <span class='ocrx_word' id='word_1_193' title='bbox 1535 2557 1624 2601; x_wconf 77' lang='lat' dir='ltr'><strong>aliis</strong></span> 
     </span>
     <span class='ocr_line' id='line_1_28' title="bbox 269 2627 1623 2686; baseline 0.001 -16"><span class='ocrx_word' id='word_1_194' title='bbox 269 2627 463 2685; x_wconf 86' lang='lat' dir='ltr'><strong>plurimis</strong></span> <span class='ocrx_word' id='word_1_195' title='bbox 484 2637 699 2673; x_wconf 83' lang='lat' dir='ltr'><strong>mutuatus</strong></span> <span class='ocrx_word' id='word_1_196' title='bbox 721 2631 885 2674; x_wconf 86' lang='lat' dir='ltr'><strong>videtur</strong></span> <span class='ocrx_word' id='word_1_197' title='bbox 907 2630 1183 2679; x_wconf 79' lang='lat' dir='ltr'><strong>An1hrosius;</strong></span> <span class='ocrx_word' id='word_1_198' title='bbox 1210 2639 1252 2672; x_wconf 84' lang='lat' dir='ltr'><strong>at</strong></span> <span class='ocrx_word' id='word_1_199' title='bbox 1269 2630 1380 2674; x_wconf 85' lang='lat' dir='ltr'><strong>inter</strong></span> <span class='ocrx_word' id='word_1_200' title='bbox 1395 2638 1623 2686; x_wconf 85' lang='lat' dir='ltr'><strong>utrumque</strong></span> 
     </span>
    </p>
   </div>
  </div>
 </body>
</html>
