1774 3158
297 245 377 274 2¹2
858 241 889 269 S·
928 239 1121 269 AMBRosu

295 324 383 382 gitii
406 321 606 365 offerrent
627 335 636 362 z
662 319 724 363 sin
747 328 885 362 autem
902 353 912 368 ,
928 324 1233 377 cognoscerent
1255 331 1340 358 non
1363 316 1535 359 minoris
1560 329 1648 359 esse

298 392 486 436 criminis
505 399 667 433 tantum
691 390 853 432 facinus
875 390 1131 437 defendisse,
1157 402 1282 444 quam
1303 387 1551 429 exercuisse.

356 464 430 506 Xl.
470 462 629 505 Verum
665 461 744 504 illis
781 462 960 519 superba
994 459 1300 507 referentibus,
1327 458 1498 500 consilia
1536 457 1649 515 pacis

295 535 407 578 bello
430 533 636 576 mutata².
661 532 806 588 Neque
837 532 973 589 primo
1003 540 1074 573 aut
1101 531 1287 572 secundo
1324 529 1526 571 conssictu
1551 543 1649 570 cum

293 605 465 664 plurimi
488 620 508 646 a
527 603 670 661 paucis
694 602 1018 650 afflictarentur,
1036 599 1273 642 cedendum
1296 599 1491 641 Israelitae
1511 599 1652 641 adver-

293 676 347 718 sis
364 673 515 732 praeliis
532 673 816 721 aestimarunt3
839 671 1144 728 quadringenta
1163 669 1275 711 enim
1297 667 1428 710 millia
1463 668 1651 709 virorum

293 745 543 788 bellantium
567 745 786 786 adversum
814 741 958 799 viginti
978 741 1164 798 quinque
1184 739 1313 781 millia
1337 738 1559 795 Benjamin
1583 737 1651 779 tri-

293 816 373 858 bus
393 848 403 864 ,
437 824 480 857 et
510 814 796 872 septingentos
829 811 1083 854 Gabaonitas
1117 818 1311 866 expertos
1340 808 1440 850 belli
1473 807 1652 863 juvenes

295 884 585 927 decertabant.
602 884 767 925 Etcum
787 882 950 924 sinistra
970 890 1084 923 sorte
1103 881 1185 922 duo
1208 879 1284 921 sibi
1299 878 1383 935 jam
1403 877 1654 920 cecidissent

294 955 459 1014 praelia,
503 955 628 997 animi
658 963 797 996 tamen
833 961 1054 1010 promptus
1093 951 1419 1007 haudquaquam
1463 949 1655 1006 deposuit

293 1026 420 1068 Israel
441 1024 638 1067 vincendi
662 1022 878 1071 fiduciam,
893 1032 933 1064 et
950 1022 1181 1063 ulciscendi
1202 1028 1499 1078 praesumptam
1518 1034 1648 1076 spem.

351 1095 447 1138 XII.
485 1094 570 1135 Sed
601 1094 697 1150 quia
727 1107 851 1135 causa
879 1107 1143 1147 numeroque
1177 1090 1509 1147 praestantiores,
1555 1089 1657 1131 inse-

292 1166 423 1210 riores
447 1178 598 1222 pugnae
625 1172 778 1206 eventu
813 1163 965 1220 pedem
991 1161 1270 1209 retulerant2,
1308 1161 1490 1202 divinam
1524 1159 1655 1202 offen-

292 1253 380 1280 sam
404 1234 674 1292 rati,jejunio
696 1242 738 1276 et
772 1233 872 1275 fletu
889 1233 1074 1274 maximo
1096 1231 1488 1273 reconciliationem
1514 1230 1656 1288 gratiae

295 1307 476 1351 coelestis
511 1305 772 1349 affectavere.
803 1305 949 1361 Itaque
974 1311 1090 1345 orata
1116 1302 1289 1345 Domini
1318 1317 1445 1359 pace,
1475 1302 1656 1344 acriores

293 1376 335 1419 in
358 1377 517 1419 bellum
541 1382 834 1422 revertuntur3
862 1382 908 1416 ut
935 1383 1033 1430 pote
1060 1373 1213 1430 quibus
1244 1373 1464 1414 oraculum
1495 1372 1656 1413 animos

293 1447 489 1495 dederat,
511 1461 628 1504 spem
653 1445 1007 1501 accumulaverat.
1038 1444 1089 1485 Et
1108 1444 1304 1485 simulato
1328 1459 1350 1485 a
1378 1443 1518 1484 fronte
1541 1443 1658 1499 quod

294 1520 517 1561 cederetur
531 1550 540 1565 ,
561 1532 608 1559 ac
628 1516 838 1573 dispositis
861 1531 936 1572 per
966 1523 1137 1557 noctem
1157 1514 1316 1556 insidiis
1335 1529 1354 1555 a
1382 1522 1496 1571 tergo
1515 1514 1654 1562 urbis,

294 1590 338 1632 in
360 1604 441 1646 qua
459 1590 592 1631 locata
615 1596 705 1629 erat
722 1602 871 1628 manus
894 1586 1082 1628 hostium
1103 1603 1113 1634 3
1135 1587 1236 1628 dum
1261 1585 1302 1627 hi
1328 1587 1484 1627 cedunt
1505 1619 1514 1634 ,
1540 1594 1581 1628 et
1600 1585 1658 1627 illi

294 1668 511 1702 sectantur
527 1691 536 1707 ,
562 1657 787 1700 invadendi
817 1658 966 1698 urbem
988 1672 1165 1699 vacuam
1189 1656 1297 1698 sacta
1320 1655 1440 1713 copia
1457 1687 1467 1704 ,
1492 1664 1533 1698 et
1562 1669 1662 1696 mox

297 1734 492 1779 admoto,
524 1728 751 1785 statimque
785 1729 929 1770 adulto
958 1728 1154 1770 incendio
1173 1760 1184 1776 ,
1220 1727 1491 1769 flammarum
1521 1726 1660 1784 fragor

296 1813 420 1860 atque
452 1811 576 1844 aestus
604 1801 747 1842 furens
782 1809 914 1857 captae
948 1799 1066 1841 urbis
1096 1799 1280 1856 speciem
1319 1799 1654 1840 manifestarunt.

295 1875 392 1926 Quo
415 1882 457 1916 et
478 1873 562 1914 suis
586 1871 709 1913 fracti
732 1870 888 1918 animi,
914 1879 956 1912 et
977 1870 1108 1913 erecti
1133 1870 1334 1912 hostium.
1362 1869 1465 1912 Nam
1494 1877 1535 1911 et
1552 1869 1662 1911 Ben-

294 1944 426 2002 jamin
462 1943 537 1985 viri
572 1943 735 1985 clausos
759 1957 801 1983 se
828 1950 869 1983 et
895 1942 1208 1984 circumventos
1237 1941 1345 1990 rati,
1370 1941 1615 1997 priusquam
1640 1955 1661 1981 a

295 2023 412 2071 tergo
440 2013 767 2063 invaderentur,
804 2011 1047 2069 dispergere
1077 2027 1190 2060 sese,
1223 2021 1346 2068 atque
1378 2011 1418 2052 in
1448 2013 1661 2053 desertum

295 2086 440 2143 sugere
458 2092 702 2141 coeperunt;
728 2091 770 2125 et
798 2091 946 2124 contra
968 2083 1096 2125 Israc'l
1125 2082 1292 2140 gemino
1318 2081 1483 2139 agmine
1510 2096 1662 2139 urgere

297 2172 389 2204 eos,
417 2171 464 2198 ac
485 2156 676 2213 palantes
699 2154 910 2211 persequi.

354 2226 470 2270 Xlll.
510 2225 623 2267 Caesa
641 2225 781 2281 itaque
802 2225 950 2282 viginti
970 2225 1158 2281 quinque
1184 2225 1334 2271 millia,
1352 2225 1391 2266 id
1410 2232 1496 2272 cst,
1516 2237 1662 2265 omnes

295 2298 383 2340 sere
408 2298 459 2338 de
495 2296 592 2338 viris
631 2295 883 2350 Beniamin,
909 2305 1060 2352 praeter
1091 2305 1309 2338 sexcentos
1327 2295 1361 2344 ³,
1389 2295 1459 2351 qui
1497 2301 1663 2351 arrepto

297 2383 485 2425 scrupeae
512 2367 627 2424 rupis
646 2367 934 2416 munimento,
951 2368 1104 2425 partim
1124 2368 1208 2409 loci
1229 2367 1400 2423 ingenio
1421 2375 1461 2407 et
1479 2364 1664 2406 subsidio

298 2449 476 2490 naturas,
496 2438 648 2496 partim
668 2439 960 2495 desperatione
983 2439 1216 2481 victoribus
1238 2438 1388 2480 terrori
1414 2437 1543 2479 suere.
1559 2436 1664 2479 Nam

300 2511 496 2553 secundae
522 2523 587 2550 res
623 2509 829 2551 cautionis
862 2511 1093 2552 admonent
1119 2524 1129 2552 :
1168 2509 1210 2550 in
1250 2508 1431 2550 adversis
1460 2506 1564 2549 ultio
1587 2519 1664 2563 pro

349 2612 356 2627 ¹
375 2603 569 2640 Judic.x1x‚
591 2601 683 2638 13,et
699 2612 790 2645 seqq.
807 2620 846 2627 -
863 2612 874 2626 ¹
896 2601 985 2634 ibid.
1003 2603 1053 2640 26,
1070 2607 1099 2634 et
1115 2612 1206 2646 seqq.
1225 2619 1262 2626 -
1284 2602 1297 2623 ³
1316 2599 1406 2631 lbid.
1423 2598 1476 2635 35,
1495 2603 1525 2630 et
1541 2608 1631 2640 seqq.
