1774 3158
296 251 377 291 238
851 264 885 293 5.
926 266 1116 294 AMBROSH

292 340 523 380 secundum
549 339 737 381 omnium
761 339 887 383 fulc-m
913 377 921 391 ‚
955 353 997 386 et
1029 343 1280 385 catholicam
1306 343 1607 400 professionem
1630 378 1640 394 ,

289 426 339 451 an
364 411 404 451 in
427 411 628 452 sententia
655 419 721 452 tua
744 411 859 454 Deus
886 429 1008 455 verus
1031 430 1114 456 nou
1139 414 1233 456 est?

295 518 303 524 f
345 481 553 524 Palladius
574 482 676 524 dixit
698 497 707 524 :
731 482 869 526 Virtus
894 484 968 526 Dei
990 485 1124 527 nostri
1147 493 1224 527 est.

346 552 594 595 Ambrosius
610 554 830 612 episcopus
851 555 953 597 dixit
975 571 983 597 :
1005 556 1097 598 Non
1117 556 1246 598 habes
1264 556 1504 598 libertatem
1518 556 1643 614 profi-

290 623 430 671 tendi3
452 637 499 664 ac
523 639 596 681 per
612 624 693 665 hoc
713 625 932 668 anathema
955 626 1015 676 ei,
1042 627 1113 684 qui
1139 641 1223 669 non
1247 625 1474 669 confitetur
1496 643 1641 670 verum

289 694 518 736 Dominum
537 695 691 736 Filium
707 696 800 738 Dei.

349 765 506 807 Omnes
519 765 908 823 episcopidixerunt
924 782 932 808 ε
946 767 1181 810 Anathema
1195 768 1495 824 habeatur,qui
1507 767 1644 810 Chris-

291 845 380 878 tum
404 836 556 878 Filium
574 837 648 878 Dei
675 837 902 879 Dominum
922 854 1065 880 verum
1086 854 1170 880 non
1188 839 1354 881 dixerit.

347 907 487 949 XXII.
516 907 673 949 Iterum
693 908 851 950 addidit
868 925 876 950 :
893 908 1037 951 Solum
1052 925 1196 952 verum
1214 944 1223 960 ,
1249 911 1383 953 solum
1402 909 1644 952 immortali-

291 985 419 1019 tatem
442 977 684 1020 habentem.

346 1047 593 1089 Ambrosius
611 1048 831 1105 episcopus
851 1050 951 1092 dixit
978 1066 986 1091 τ
1013 1051 1143 1092 Filius
1170 1051 1243 1092 Dei
1268 1051 1396 1093 habet
1421 1051 1643 1092 immorta-

291 1117 449 1160 litatem
466 1150 475 1166 ‚
503 1126 574 1159 aut
597 1132 679 1159 non
706 1118 831 1160 habet
847 1122 1082 1162 secundum
1106 1121 1410 1163 Divinitatem?

352 1187 561 1230 Palladius
584 1188 684 1230 dixit
710 1203 720 1230 e
749 1190 999 1247 Apostolum
1020 1192 1228 1240 admittis,
1256 1207 1308 1233 an
1325 1191 1566 1235 non?«Rex
1583 1207 1643 1234 re-

291 1279 307 1300 »
320 1275 419 1316 gum
436 1291 447 1308 ,
477 1258 547 1316 qui
564 1261 679 1302 solus
696 1260 822 1303 habet
839 1261 1199 1305 immortalitatem
1212 1263 1243 1306 ¹.
1263 1282 1278 1303 n

348 1330 596 1372 Ambrosius
618 1330 838 1389 episcopus
866 1332 967 1375 dixit
988 1349 997 1375 ε
1023 1333 1083 1375 De
1108 1333 1274 1377 Christo
1297 1333 1403 1377 Filio
1436 1333 1512 1377 Dei
1543 1333 1644 1391 quid

290 1400 394 1443 dicis
415 1401 432 1442 Ρ

349 1473 567 1527 Palladius
581 1473 683 1516 dixit
703 1489 711 1517 :
734 1474 925 1516 Christus
948 1489 1101 1517 nomeu
1121 1475 1310 1518 divinum
1326 1484 1403 1526 est,
1421 1491 1470 1518 an
1484 1475 1638 1518 huma-

288 1559 388 1586 num
411 1543 428 1584 Ρ

347 1616 507 1659 XXIII.
533 1616 738 1658 Eusebius
763 1616 984 1673 episeopus
1004 1617 1129 1659 dixit:
1146 1617 1388 1660 Secundum
1411 1617 1546 1660 carnis
1558 1617 1644 1674 qui-

290 1689 385 1729 dem
410 1696 721 1729 sacramentum
737 1687 927 1729 Christus
952 1688 1105 1730 dicitur
1120 1720 1129 1735 ‚
1151 1690 1224 1731 sed
1248 1689 1359 1731 idem
1380 1689 1491 1732 Deus
1514 1697 1555 1732 et
1571 1689 1645 1730 ho-

287 1774 358 1803 mo
375 1767 449 1801 est.

343 1829 551 1872 Palladius
575 1828 675 1870 dixit
696 1844 704 1870 :
727 1828 916 1870 Christus
937 1829 1239 1871 nomencarnis
1257 1838 1321 1872 est
1337 1846 1346 1870 t
1363 1829 1555 1872 Christus
1569 1844 1643 1871 no-

281 1916 378 1944 men
398 1900 629 1942 humanum
645 1908 732 1947 est;
757 1907 798 1941 et
821 1900 1069 1956 respondete
1091 1915 1162 1942 vos
1184 1900 1302 1942 mihi.

342 1972 548 2014 Eusebius
570 1971 789 2027 episcopus
822 1971 925 2011 dixit
949 1985 957 2012 ε
980 1970 1094 2021 Quid
1121 1971 1344 2028 superfluis
1370 1970 1641 2013 immoraris?

283 2043 391 2085 Cum
407 2044 617 2100 legeretur
632 2042 826 2098 impietas
843 2041 978 2089 Arrii,
997 2041 1068 2097 qui
1082 2041 1163 2082 hoc
1187 2042 1290 2084 dicit
1306 2041 1356 2083 de
1378 2041 1522 2093 Patre,
1544 2042 1641 2099 quia

285 2116 397 2156 solus
420 2112 938 2159 hahetimmortalitatem,
956 2111 1129 2153 attulisti
1150 2111 1439 2154 testimonium
1462 2112 1523 2165 ad
1539 2126 1641 2155 con-

286 2200 454 2227 sensum
474 2182 699 2241 impietatis
716 2181 848 2230 Arrii,
870 2197 921 2223 ex
951 2181 1154 2239 Apostolo
1179 2181 1323 2223 dicens
1348 2195 1392 2223 :a
1423 2182 1506 2233 Qui
1531 2183 1641 2224 solus

282 2252 1034 2301 ,habetimmo1·taliiatom‚etlucem
1056 2252 1392 2294 inaccessibilem
1411 2250 1629 2294 habitat2.»

284 2326 368 2368 Sed
389 2326 421 2367 si
445 2324 637 2381 intelligis
654 2356 663 2372 ,
693 2323 817 2364 totius
842 2330 1001 2364 naturae
1039 2322 1285 2378 dignitatem
1316 2322 1355 2363 in
1378 2321 1453 2364 Dei
1471 2321 1641 2363 nomine

282 2395 483 2454 expressit
505 2411 513 2436 :
539 2395 746 2451 siquidem
769 2394 811 2437 in
830 2393 906 2437 Dei
939 2393 1109 2436 nomine
1132 2393 1254 2435 Pater
1279 2401 1321 2436 et
1342 2392 1472 2436 Filius
1501 2391 1640 2448 desig-

283 2475 451 2510 uantur.

326 2587 336 2604 ¹
356 2580 441 2612 Tim.
458 2590 502 2616 vl,
519 2580 569 2612 ιδ.
587 2596 626 2603 -
644 2587 654 2602 ²
678 2577 766 2610 Ibid.
