1774 3158
513 283 795 312 Er1sTotA1wM
829 282 984 309 CLAssls
1017 282 1045 307 1.
1377 265 1456 321 377

114 362 600 417 quiturTcstamcntum3
619 362 713 418 quia
733 361 819 401 dies
836 359 1156 401 resurrectionis
1171 359 1217 407 is,
1236 374 1332 400 cum
1348 374 1463 414 ogre-

115 430 230 471 dions
249 433 425 488 populus
445 433 495 473 de
518 433 721 488 :Egyptm
745 430 784 470 in
816 429 919 469 mari
939 429 1037 470 etin
1058 427 1170 470 nube
1194 428 1425 484 baptizatus
1449 459 1457 473 ,

115 509 160 541 ut
176 501 398 556 Apostolus
426 501 556 548 dicit,
582 509 760 541 mortem
780 498 902 546 vicit,
929 513 1077 555 panem
1106 498 1331 554 spiritalem
1353 497 1460 538 acci·

113 572 255 628 piens,
282 580 324 612 et
349 580 492 627 potum
519 571 569 612 de
593 580 708 626 petra
736 569 930 610 hauriens
955 568 1183 624 spiritalem
1200 567 1211 588 ¹
1233 581 1335 608 :nce
1372 583 1460 623 pas-

115 644 273 684 sionem
299 643 466 683 Domini
491 643 554 683 die
571 641 788 683 Dominica
810 655 930 697 posse
949 639 1150 680 celebrari
1170 656 1179 686 ;
1206 646 1246 679 et
1260 639 1293 680 si
1313 647 1458 694 quarta

116 712 276 753 decima
298 712 395 752 luna
425 711 466 752 in
499 711 763 752 Dominicam
782 709 1002 759 inciderit,
1028 707 1340 764 adjungendam
1362 707 1464 748 hot·-

115 783 337 823 domadam
376 783 547 822 alteram
563 813 573 828 ,
600 782 707 823 sicut
730 789 770 821 et
793 779 1100 837 septuagesimo
1122 787 1237 820 sexto
1278 793 1386 819 anno
1413 794 1463 818 ex

117 854 182 893 die
216 852 379 909 imperii
416 853 665 893 Diocletiani
696 852 852 892 sactum
895 859 968 892 est.
1009 850 1112 892 Nam
1138 858 1236 890 tuuc
1264 849 1462 905 vigesimo

117 931 264 963 octavo
283 923 348 963 die
365 922 612 963 pharmuthi
631 922 800 969 mensis,
821 921 890 978 qui
910 930 971 962 est
992 936 1103 962 nono
1122 920 1332 961 Kalendas
1351 919 1460 965 Maii,

116 994 378 1035 Dominicam
418 994 585 1035 Paschcc
629 993 932 1034 celebravimus
970 992 1058 1032 sine
1092 991 1172 1031 ulla
1205 990 1465 1031 dubitatione

117 1065 340 1120 majorum.
366 1064 498 1105 Simul
526 1065 648 1105 ctiam
674 1065 782 1104 lunen
815 1078 961 1105 cursus
989 1070 1029 1102 et
1054 1062 1158 1102 ratio
1180 1061 1431 1117 suffragatur
1450 1094 1459 1109 ‚

117 1134 313 1189 quoniam
337 1134 530 1190 vigesima
554 1135 796 1190 primaluna
820 1133 1056 1189 proximum
1074 1131 1232 1174 Pascha
1251 1132 1464 1172 cels-bran-

117 1206 217 1245 dmn
248 1213 328 1249 est;
364 1219 458 1244 uam
495 1220 624 1260 usquc
652 1206 703 1245 ad
727 1205 966 1260 vigesimam
991 1203 1170 1260 primam
1199 1204 1337 1243 lunam
1367 1217 1466 1242 con-

117 1275 251 1315 suevit
268 1275 448 1316 extendi.

175 1345 315 1386 XXII.
354 1346 462 1402 Ergo
481 1360 575 1386 cum
595 1353 653 1386 tot
674 1346 856 1387 veritatis
875 1345 1026 1387 iudicia
1042 1353 1323 1391 concurrant,
1350 1343 1464 1398 juxta

119 1415 326 1470 majorum
352 1418 540 1472 exempla
564 1416 712 1456 festum
738 1417 918 1472 publicse
951 1416 1093 1457 salutis
1114 1415 1198 1456 laeti
1218 1416 1470 1456 exultantes-

119 1501 200 1541 que
223 1486 502 1534 celebremus,
520 1495 657 1543 postes
682 1495 844 1527 nostros
863 1486 933 1527 ubi
951 1495 1012 1527 est
1031 1487 1181 1527 ostium
1207 1485 1340 1532 verbi,
1357 1486 1470 1540 quod

120 1555 197 1596 sibi
213 1556 435 1611 Apostolus
457 1566 573 1614 optat
592 1558 763 1614 aperiri,
789 1557 870 1598 fido
893 1557 1092 1613 passionis
1110 1557 1341 1598 Dominicae
1360 1557 1451 1597 colo

121 1627 292 1668 rantes².
315 1628 376 1668 De
399 1627 478 1668 hoc
501 1628 606 1669 ostio
629 1629 729 1669 dicit
747 1629 874 1670 etiam
899 1628 1030 1670 David
1052 1644 1060 1668 :
1080 1629 1240 1675 «Pone,
1268 1628 1462 1673 Domine,

120 1697 384 1738 »custodiam
407 1698 468 1738 ori
493 1712 610 1746 meo,
632 1706 673 1739 et
703 1699 855 1739 ostium
878 1699 1080 1740 circuitus
1104 1699 1225 1740 labiis
1249 1697 1394 1746 meis³;
1422 1707 1469 1739 ut

122 1766 225 1807 nihil
247 1767 359 1807 aliud
377 1767 454 1807 nisi
473 1769 719 1824 sanguinem
735 1768 887 1809 Christi
906 1770 1130 1825 loquamur
1147 1804 1153 1816 ,
1180 1784 1262 1825 quo
1288 1778 1468 1810 mortem

122 1836 313 1884 vicimus,
328 1851 411 1892 quo
426 1839 631 1894 redempti
643 1854 799 1879 sumus.
817 1838 983 1895 Flagret
996 1839 1036 1879 in
1051 1839 1169 1880 nobis
1180 1840 1284 1881 odor
1297 1837 1464 1879 Christi.

122 1907 264 1963 Ipsum
297 1908 537 1956 audiamus,
573 1909 613 1949 in
641 1909 759 1950 illum
787 1917 828 1950 et
863 1909 1015 1951 mentis
1042 1917 1081 1950 et
1112 1910 1299 1967 corporis
1328 1910 1472 1950 oculos

125 1977 372 2035 dirigamus,
403 1994 528 2035 opera
557 1978 646 2034 ejus
676 1979 898 2027 mirantes,
928 1978 1132 2021 beneficia
1159 1980 1433 2036 praedicantes
1458 1994 1467 2020 :

124 2064 249 2106 super
275 2049 402 2091 limen
422 2050 514 2090 ostii
538 2050 666 2091 nostri
685 2065 812 2092 sacrae
834 2050 1136 2108 redemptionis
1160 2050 1366 2093 consessio
1388 2066 1472 2092 res-

124 2120 330 2175 plendeat.
360 2120 583 2161 Sumamus
612 2120 786 2163 ferventi
810 2122 957 2177 spiritu
980 2130 1293 2164 sacramentum
1317 2122 1358 2162 in
1383 2137 1477 2178 azy-

125 2188 204 2229 mis
222 2188 469 2229 sinceritatis
487 2197 528 2230 et
545 2190 727 2231 veritatis
745 2223 753 2237 ‚
784 2192 848 2247 pia
874 2192 1065 2233 doctrina
1085 2192 1259 2249 gloriam
1281 2191 1414 2233 Patris
1432 2200 1474 2233 et

125 2258 240 2308 Filii,
266 2266 304 2299 et
327 2258 505 2315 Spiritus
529 2259 790 2315 majestatem
816 2261 1074 2304 individuam
1097 2262 1382 2304 concinentes.

173 2358 183 2373 ¹
206 2362 214 2381 ι
236 2352 310 2383 Cor.
327 2363 357 2388 x,
375 2358 445 2389 2,et
462 2363 552 2396 seqq.
573 2371 611 2376 —
631 2362 642 2376 ²
661 2354 784 2386 Coloss.
804 2365 843 2390 ιν,
860 2354 891 2385 5.
906 2372 946 2377 —
968 2356 980 2377 ³
1000 2354 1080 2386 Psal.
1104 2365 1171 2390 cxc,
1189 2355 1220 2386 5.
