1774 3158
261 251 340 299 204
803 265 836 290 s.
877 264 1069 292 numosu

253 340 444 395 Denique
467 354 563 381 cum
581 354 624 381 se
640 340 820 389 lavaret,
845 342 1082 398 paradisum
1110 342 1250 384 claudi
1267 342 1456 398 jubebat.
1490 343 1604 395 Quid

255 417 394 451 autem
416 410 678 466 praestantius
702 411 947 467 (praesertim
966 411 1006 452 in
1025 412 1199 468 virgine,
1216 412 1334 467 cujus
1346 414 1605 470 praecipuum

254 495 357 535 opus
381 480 652 538 verecundia)
680 496 804 537 quam
826 490 1036 523 secretum
1055 481 1072 522 P
1089 482 1190 537 quid
1210 482 1338 523 tutius
1358 491 1520 524 secreto
1535 516 1545 532 ‚
1564 492 1606 525 et

255 551 305 590 ad
323 564 468 591 omnes
497 559 614 591 actus
638 551 905 607 expeditius?
937 552 1073 593 Munia
1104 551 1215 593 enim
1240 553 1413 609 pudoris
1439 553 1603 601 induit,

253 634 336 660 non
361 620 709 662 concursationis.
732 620 815 682 SJed
837 623 888 663 de
918 622 1006 663 aliis
1044 622 1211 670 videro,
1256 630 1336 663 tuae
1365 637 1480 664 nunc
1502 623 1605 664 mihi

255 690 595 745 respondendum
615 690 798 746 epistolae
816 699 890 733 est.

315 758 450 800 XVII.
488 760 546 801 Te
568 760 698 801 miror
716 793 725 807 ,
749 761 874 801 frater
891 792 901 808 ,
928 760 999 816 qui
1022 768 1240 816 tantopere
1258 760 1457 803 defendas
1485 761 1608 803 Maxi-

255 842 371 868 mum
391 843 473 869 non
488 829 612 870 fuisse
627 839 912 872 accusatorem
930 863 939 876 ,
962 832 1033 872 scd
1057 831 1240 887 pare-ntis
1260 832 1404 877 dolore
1424 832 1608 874 doluisse

255 896 453 939 invidiam
477 899 610 956 sparsi
638 900 841 948 rumoris;
878 916 974 942 cum
1000 901 1068 941 ille
1092 916 1135 941 se
1153 901 1372 942 inimicum
1399 909 1441 943 et
1469 902 1610 943 adver*

256 967 409 1008 sarium
430 968 703 1025 litigatorem,
732 970 950 1026 proposito
968 970 1051 1025 jam
1076 970 1233 1026 jurgio,
1262 986 1413 1028 negare
1430 985 1512 1012 non
1536 987 1610 1027 po·

257 1035 382 1078 t'uerit
410 1039 605 1079 adversus
623 1054 784 1081 sacram
807 1040 1010 1096 virginem
1026 1040 1185 1095 judicia
1211 1042 1506 1083 attentavisse:
1524 1056 1612 1082 mu·

254 1121 384 1162 reque
408 1107 655 1164 interject0‚
691 1109 891 1150 discretas
917 1110 1026 1150 redes
1060 1111 1198 1151 uxoris
1221 1126 1304 1151 suae
1333 1126 1380 1152 ac
1405 1111 1573 1167 virginis
1595 1143 1606 1158 ,

258 1175 432 1216 divisam
469 1177 757 1231 germanitatis
798 1178 906 1220 inter
933 1193 1096 1220 sorores
1120 1179 1390 1229 societatem3
1413 1180 1574 1236 aliaque
1597 1211 1608 1227 ,

257 1245 409 1300 quibus
426 1247 714 1303 deleretquod
741 1248 856 1304 virgo
880 1248 919 1288 iu
940 1263 1036 1305 agro
1059 1249 1267 1290 affinitatis
1287 1265 1370 1290 succ
1393 1250 1614 1306 refugisset

257 1316 529 1357 consortium.
557 1317 781 1368 Quomodo
802 1334 900 1374 ergo
924 1334 1006 1359 uon
1033 1328 1278 1368 accusator,
1312 1320 1381 1375 qui
1411 1320 1612 1362 affectum
1643 1332 1647 1333 ’

262 1385 515 1427 accusatoris
541 1386 793 1441 jamdudum
817 1389 1033 1435 exercuit,
1059 1389 1127 1444 qui
1160 1404 1354 1430 sermone
1386 1405 1461 1431 suo
1492 1405 1615 1432 accu-

261 1456 463 1496 sationem
492 1457 663 1504 detulit,
693 1473 812 1498 aures
836 1467 925 1499 tuas
956 1459 1142 1515 implevit
1167 1460 1379 1506 clamore,
1412 1468 1454 1501 et
1491 1468 1615 1502 testes

265 1526 488 1567 auditionis
503 1528 776 1585 deduxituj'75)
794 1562 804 1576 ,
831 1529 1118 1583 coguitionem
1142 1529 1360 1586 poposcit?

322 1596 473 1637 XVIII.
508 1597 752 1647 Quamlibet
796 1608 1134 1655 argumentatus,
1164 1614 1317 1655 negare
1343 1614 1426 1640 non
1446 1599 1616 1656 potuisti

264 1665 377 1721 quod
401 1667 450 1706 ad
473 1667 676 1708 Indiciam
705 1668 944 1725 scripseris,
967 1669 1164 1724 quoniam
1183 1669 1383 1710 Maximus
1400 1702 1410 1718 ,
1440 1684 1512 1710 seu
1536 1670 1616 1711 im-

264 1735 385 1789 pulsu
407 1736 582 1776 aliorum
599 1769 608 1783 ‚
635 1752 707 1778 seu
730 1737 1058 1794 doloreproprio
1074 1737 1235 1779 crimen
1257 1753 1381 1793 grave
1405 1739 1617 1780 detulerit.

264 1802 358 1844 Sola
372 1804 462 1846 haec
485 1805 659 1862 epistola
683 1798 779 1848 satis
798 1809 919 1848 estad
933 1808 1213 1849 accusationis
1230 1807 1532 1855 testimonium;
1550 1823 1618 1848 ne·

265 1890 345 1930 que
365 1875 475 1916 enim
497 1884 535 1917 te
552 1891 628 1933 ego
654 1876 735 1917 tuis
753 1877 802 1917 ad
825 1892 892 1918 me
911 1877 1015 1919 datis
1031 1878 1180 1919 litteris
1198 1879 1433 1934 urgendum
1452 1877 1614 1935 putavi,

266 1946 338 1986 sed
361 1946 408 1986 iis
429 1947 549 1987 lectis
576 1962 679 2003 quas
700 1948 752 1988 ad
774 1947 975 2004 virginem
992 1949 1167 1989 dederas
1182 1979 1192 1994 ,
1223 1947 1381 1989 adverti
1406 1948 1619 1990 diversum

265 2031 355 2056 esse
370 2047 380 2062 ‚
417 2016 530 2072 quod
553 2017 608 2058 ad
624 2031 692 2058 me
709 2017 956 2074 scripseras,
980 2027 1021 2059 et
1040 2026 1179 2059 tamen
1205 2031 1305 2058 cum
1329 2018 1513 2075 epistolae
1536 2025 1618 2059 tuae

269 2084 346 2125 sibi
369 2099 454 2126 non
482 2086 780 2134 convenirent,
813 2077 1120 2128 consulendum
1141 2095 1200 2134 te,
1233 2101 1325 2128 non·
1355 2087 1618 2143 arguendum

267 2155 425 2211 putavi.
448 2154 561 2206 Quid
583 2154 708 2211 igitur
724 2156 803 2197 sibi
822 2157 910 2198 vult
932 2157 999 2198 illa
1025 2157 1329 2213 argumentatio
1345 2189 1354 2204 ,
1383 2157 1479 2213 quia
1516 2155 1620 2198 illud

268 2224 487 2273 detulerit,
505 2226 620 2281 quod
636 2226 688 2267 ad
710 2240 777 2267 me
798 2226 1041 2283 scripseras,
1056 2227 1235 2267 delatam
1259 2226 1454 2267 videlicet
1467 2240 1560 2267 eam
1578 2225 1620 2267 in

267 2302 390 2351 turpe
407 2295 607 2343 crimiue3
627 2295 681 2337 ita
698 2304 745 2337 ut
764 2295 922 2338 editum
941 2304 982 2337 et
998 2296 1199 2337 obrutum
1218 2303 1386 2352 partum
1413 2294 1495 2336 dici
1515 2309 1620 2336 asse-

266 2363 360 2404 rat?
382 2363 511 2414 Quasi
534 2379 630 2405 vero
654 2364 766 2406 istud
790 2365 842 2406 ad
866 2365 1070 2407 Indiciam
1090 2397 1099 2416 ,
1124 2380 1208 2406 non
1224 2366 1276 2406 ad
1298 2380 1366 2407 me
1387 2363 1618 2421 scripseris.

267 2434 342 2476 Illa
362 2434 432 2475 ubi
452 2435 610 2476 audivit
631 2433 780 2477 litteris
799 2435 879 2477 tuis
898 2435 1124 2477 Maximum
1145 2435 1324 2477 subduci
1347 2434 1619 2481 accusationi,

270 2505 429 2547 litteras
455 2515 544 2547 tuas
567 2506 765 2563 protulit,
784 2505 937 2563 quibus
959 2521 1055 2548 eum
1072 2505 1259 2548 criminis
1282 2505 1511 2547 delatorem
1531 2518 1622 2562 pro-

271 2573 386 2617 bavit
402 2590 410 2615 :
428 2575 479 2618 ad
496 2589 565 2618 me
581 2576 699 2619 datas
712 2591 795 2619 non
809 2577 982 2634 legerat,
995 2590 1077 2620 nec
1091 2576 1192 2635 quid
1206 2575 1428 2626 haberent,
1445 2575 1616 2619 sciebat.
