<?xml version="1.0" encoding="UTF-8"?>
<!DOCTYPE html PUBLIC "-//W3C//DTD XHTML 1.0 Transitional//EN"
    "http://www.w3.org/TR/xhtml1/DTD/xhtml1-transitional.dtd">
<html xmlns="http://www.w3.org/1999/xhtml" xml:lang="en" lang="en">
 <head>
  <title>
</title>
<meta http-equiv="Content-Type" content="text/html;charset=utf-8" />
  <meta name='ocr-system' content='tesseract 3.04.00' />
  <meta name='ocr-capabilities' content='ocr_page ocr_carea ocr_par ocr_line ocrx_word'/>
</head>
<body>
  <div class='ocr_page' id='page_1' title='image "./omniaequaeextant08ambruoft_0218.png"; bbox 0 0 1774 3158; ppageno 0'>
   <div class='ocr_carea' id='block_1_1' title="bbox 312 218 1113 259">
    <p class='ocr_par' dir='ltr' id='par_1_1' title="bbox 312 218 1113 259">
     <span class='ocr_line' id='line_1_1' title="bbox 312 218 1113 259; baseline -0.006 0"><span class='ocrx_word' id='word_1_1' title='bbox 312 218 392 259; x_wconf 81' lang='lat'><strong>208</strong></span> <span class='ocrx_word' id='word_1_2' title='bbox 850 226 882 254; x_wconf 76' lang='grc' dir='ltr'><strong>ε.</strong></span> <span class='ocrx_word' id='word_1_3' title='bbox 921 224 1113 255; x_wconf 70' lang='lat' dir='ltr'><strong>Amanosu</strong></span> 
     </span>
    </p>
   </div>
   <div class='ocr_carea' id='block_1_2' title="bbox 296 302 1662 2379">
    <p class='ocr_par' dir='ltr' id='par_1_2' title="bbox 304 302 1656 567">
     <span class='ocr_line' id='line_1_2' title="bbox 306 302 1652 360; baseline -0.002 -12"><span class='ocrx_word' id='word_1_4' title='bbox 306 308 356 349; x_wconf 90' lang='lat' dir='ltr'><strong>de</strong></span> <span class='ocrx_word' id='word_1_5' title='bbox 397 302 618 360; x_wconf 74' lang='lat' dir='ltr'>Beniamin</span> <span class='ocrx_word' id='word_1_6' title='bbox 659 302 769 344; x_wconf 88' lang='lat' dir='ltr'><strong>tribu</strong></span> <span class='ocrx_word' id='word_1_7' title='bbox 808 302 1177 360; x_wconf 86' lang='lat' dir='ltr'><strong>extinguerentur,</strong></span> <span class='ocrx_word' id='word_1_8' title='bbox 1212 302 1289 344; x_wconf 91' lang='lat' dir='ltr'><strong>nisi</strong></span> <span class='ocrx_word' id='word_1_9' title='bbox 1326 303 1554 346; x_wconf 59' lang='lat' dir='ltr'><strong>sexcentos²</strong></span> <span class='ocrx_word' id='word_1_10' title='bbox 1580 304 1652 360; x_wconf 93' lang='lat' dir='ltr'><strong>qui</strong></span> 
     </span>
     <span class='ocr_line' id='line_1_3' title="bbox 304 371 1653 429; baseline 0 -13"><span class='ocrx_word' id='word_1_11' title='bbox 304 376 416 417; x_wconf 90' lang='lat' dir='ltr'><strong>hello</strong></span> <span class='ocrx_word' id='word_1_12' title='bbox 433 372 581 429; x_wconf 79' lang='lat' dir='ltr'>reliqui</span> <span class='ocrx_word' id='word_1_13' title='bbox 605 371 785 422; x_wconf 85' lang='lat' dir='ltr'><strong>forent&#39;‚</strong></span> <span class='ocrx_word' id='word_1_14' title='bbox 814 381 962 415; x_wconf 89' lang='lat' dir='ltr'><strong>natura</strong></span> <span class='ocrx_word' id='word_1_15' title='bbox 983 373 1169 414; x_wconf 90' lang='lat' dir='ltr'><strong>editioris</strong></span> <span class='ocrx_word' id='word_1_16' title='bbox 1188 371 1270 413; x_wconf 90' lang='lat' dir='ltr'><strong>loci</strong></span> <span class='ocrx_word' id='word_1_17' title='bbox 1295 371 1573 422; x_wconf 54' lang='lat' dir='ltr'><strong>defendissem</strong></span> <span class='ocrx_word' id='word_1_18' title='bbox 1594 374 1653 415; x_wconf 87' lang='lat' dir='ltr'><strong>sic</strong></span> 
     </span>
     <span class='ocr_line' id='line_1_4' title="bbox 305 440 1656 498; baseline 0 -14"><span class='ocrx_word' id='word_1_19' title='bbox 305 442 417 485; x_wconf 90' lang='lat' dir='ltr'><strong>enim</strong></span> <span class='ocrx_word' id='word_1_20' title='bbox 439 440 631 484; x_wconf 85' lang='lat' dir='ltr'><strong>lectionis</strong></span> <span class='ocrx_word' id='word_1_21' title='bbox 660 440 807 482; x_wconf 85' lang='lat' dir='ltr'><strong>divinae</strong></span> <span class='ocrx_word' id='word_1_22' title='bbox 839 441 943 483; x_wconf 86' lang='lat' dir='ltr'><strong>serie</strong></span> <span class='ocrx_word' id='word_1_23' title='bbox 968 455 1209 498; x_wconf 89' lang='lat' dir='ltr'><strong>expressum</strong></span> <span class='ocrx_word' id='word_1_24' title='bbox 1233 448 1422 490; x_wconf 87' lang='lat' dir='ltr'><strong>tenetur,</strong></span> <span class='ocrx_word' id='word_1_25' title='bbox 1450 442 1570 498; x_wconf 90' lang='lat' dir='ltr'><strong>cujus</strong></span> <span class='ocrx_word' id='word_1_26' title='bbox 1594 451 1656 484; x_wconf 92' lang='lat' dir='ltr'><strong>te-</strong></span> 
     </span>
     <span class='ocr_line' id='line_1_5' title="bbox 307 511 925 567; baseline -0.002 -14"><span class='ocrx_word' id='word_1_27' title='bbox 307 526 455 553; x_wconf 86' lang='lat' dir='ltr'>norem</span> <span class='ocrx_word' id='word_1_28' title='bbox 475 511 925 567; x_wconf 79' lang='lat' dir='ltr'><strong>recensere&#39;congruit.</strong></span> 
     </span>
    </p>

    <p class='ocr_par' dir='ltr' id='par_1_3' title="bbox 303 580 1662 1462">
     <span class='ocr_line' id='line_1_6' title="bbox 362 580 1659 637; baseline 0 -14"><span class='ocrx_word' id='word_1_29' title='bbox 362 581 432 624; x_wconf 85' lang='lat'><em>111.</em></span> <span class='ocrx_word' id='word_1_30' title='bbox 469 581 632 623; x_wconf 82' lang='lat' dir='ltr'><strong>Levites</strong></span> <span class='ocrx_word' id='word_1_31' title='bbox 645 580 707 622; x_wconf 90' lang='lat' dir='ltr'><strong>vir</strong></span> <span class='ocrx_word' id='word_1_32' title='bbox 721 581 857 622; x_wconf 90' lang='lat' dir='ltr'><strong>animo</strong></span> <span class='ocrx_word' id='word_1_33' title='bbox 873 580 1008 637; x_wconf 89' lang='lat' dir='ltr'><strong>major</strong></span> <span class='ocrx_word' id='word_1_34' title='bbox 1023 595 1147 637; x_wconf 90' lang='lat' dir='ltr'><strong>quam</strong></span> <span class='ocrx_word' id='word_1_35' title='bbox 1166 581 1315 637; x_wconf 88' lang='lat' dir='ltr'><strong>opibus</strong></span> <span class='ocrx_word' id='word_1_36' title='bbox 1327 580 1429 637; x_wconf 79' lang='lat'>(77),</span> <span class='ocrx_word' id='word_1_37' title='bbox 1443 580 1659 623; x_wconf 83' lang='lat' dir='ltr'>habitabat</span> 
     </span>
     <span class='ocr_line' id='line_1_7' title="bbox 307 650 1659 708; baseline -0.001 -15"><span class='ocrx_word' id='word_1_38' title='bbox 307 652 349 693; x_wconf 90' lang='lat' dir='ltr'><strong>in</strong></span> <span class='ocrx_word' id='word_1_39' title='bbox 387 651 575 708; x_wconf 87' lang='lat' dir='ltr'><strong>partibus</strong></span> <span class='ocrx_word' id='word_1_40' title='bbox 603 650 758 692; x_wconf 90' lang='lat' dir='ltr'><strong>montis</strong></span> <span class='ocrx_word' id='word_1_41' title='bbox 795 650 990 707; x_wconf 85' lang='lat' dir='ltr'><strong>Ephraem</strong></span> <span class='ocrx_word' id='word_1_42' title='bbox 1006 650 1018 671; x_wconf 84' lang='lat'><em>²</em></span> <span class='ocrx_word' id='word_1_43' title='bbox 1038 667 1048 698; x_wconf 91' lang='grc'>;</span> <span class='ocrx_word' id='word_1_44' title='bbox 1085 650 1122 691; x_wconf 91' lang='lat' dir='ltr'><strong>ei</strong></span> <span class='ocrx_word' id='word_1_45' title='bbox 1161 651 1317 708; x_wconf 88' lang='lat' dir='ltr'><strong>quippe</strong></span> <span class='ocrx_word' id='word_1_46' title='bbox 1348 651 1475 692; x_wconf 90' lang='lat' dir='ltr'><strong>tribui</strong></span> <span class='ocrx_word' id='word_1_47' title='bbox 1514 651 1659 693; x_wconf 89' lang='lat' dir='ltr'><strong>sortito</strong></span> 
     </span>
     <span class='ocr_line' id='line_1_8' title="bbox 307 719 1656 778; baseline -0.001 -15"><span class='ocrx_word' id='word_1_48' title='bbox 307 722 515 778; x_wconf 77' lang='lat' dir='ltr'><strong>obtigerat</strong></span> <span class='ocrx_word' id='word_1_49' title='bbox 535 722 653 763; x_wconf 87' lang='lat' dir='ltr'><strong>locus</strong></span> <span class='ocrx_word' id='word_1_50' title='bbox 673 720 714 762; x_wconf 91' lang='lat' dir='ltr'><strong>in</strong></span> <span class='ocrx_word' id='word_1_51' title='bbox 737 720 1041 777; x_wconf 86' lang='lat' dir='ltr'><strong>possessiouem</strong></span> <span class='ocrx_word' id='word_1_52' title='bbox 1074 728 1194 762; x_wconf 79' lang='lat' dir='ltr'><strong>terrae</strong></span> <span class='ocrx_word' id='word_1_53' title='bbox 1218 721 1338 761; x_wconf 90' lang='lat' dir='ltr'><strong>datus</strong></span> <span class='ocrx_word' id='word_1_54' title='bbox 1361 734 1436 776; x_wconf 92' lang='lat' dir='ltr'><strong>pro</strong></span> <span class='ocrx_word' id='word_1_55' title='bbox 1465 719 1656 762; x_wconf 86' lang='lat' dir='ltr'><strong>funiculo</strong></span> 
     </span>
     <span class='ocr_line' id='line_1_9' title="bbox 307 789 1661 847; baseline -0.001 -14"><span class='ocrx_word' id='word_1_56' title='bbox 307 791 572 834; x_wconf 84' lang='lat' dir='ltr'><strong>haereditatis.</strong></span> <span class='ocrx_word' id='word_1_57' title='bbox 594 791 632 832; x_wconf 89' lang='lat' dir='ltr'><strong>Is</strong></span> <span class='ocrx_word' id='word_1_58' title='bbox 655 790 731 832; x_wconf 90' lang='lat' dir='ltr'><strong>sibi</strong></span> <span class='ocrx_word' id='word_1_59' title='bbox 751 790 912 847; x_wconf 90' lang='lat' dir='ltr'><strong>accepit</strong></span> <span class='ocrx_word' id='word_1_60' title='bbox 931 790 1113 846; x_wconf 82' lang='lat' dir='ltr'><strong>jugalem</strong></span> <span class='ocrx_word' id='word_1_61' title='bbox 1132 791 1182 830; x_wconf 90' lang='lat' dir='ltr'><strong>de</strong></span> <span class='ocrx_word' id='word_1_62' title='bbox 1202 790 1449 831; x_wconf 77' lang='lat' dir='ltr'><strong>Bethlehem</strong></span> <span class='ocrx_word' id='word_1_63' title='bbox 1464 789 1588 832; x_wconf 85' lang='lat' dir='ltr'><strong>Juda.</strong></span> <span class='ocrx_word' id='word_1_64' title='bbox 1608 790 1661 839; x_wconf 89' lang='lat' dir='ltr'><strong>Et</strong></span> 
     </span>
     <span class='ocr_line' id='line_1_10' title="bbox 307 860 1662 918; baseline -0.001 -14"><span class='ocrx_word' id='word_1_65' title='bbox 307 871 354 904; x_wconf 88' lang='lat' dir='ltr'><strong>ut</strong></span> <span class='ocrx_word' id='word_1_66' title='bbox 377 878 419 904; x_wconf 89' lang='lat' dir='ltr'><strong>se</strong></span> <span class='ocrx_word' id='word_1_67' title='bbox 441 861 600 904; x_wconf 90' lang='lat' dir='ltr'><strong>habent</strong></span> <span class='ocrx_word' id='word_1_68' title='bbox 622 861 757 918; x_wconf 84' lang='lat' dir='ltr'><strong>prima</strong></span> <span class='ocrx_word' id='word_1_69' title='bbox 777 861 1023 917; x_wconf 87' lang='lat' dir='ltr'><strong>copularum</strong></span> <span class='ocrx_word' id='word_1_70' title='bbox 1043 860 1210 902; x_wconf 88' lang='lat' dir='ltr'><strong>exordia</strong></span> <span class='ocrx_word' id='word_1_71' title='bbox 1228 892 1237 908; x_wconf 89' lang='lat'><strong>,</strong></span> <span class='ocrx_word' id='word_1_72' title='bbox 1265 860 1436 901; x_wconf 83' lang='lat' dir='ltr'><strong>ardebat</strong></span> <span class='ocrx_word' id='word_1_73' title='bbox 1455 860 1662 916; x_wconf 91' lang='lat' dir='ltr'><strong>juvencu-</strong></span> 
     </span>
     <span class='ocr_line' id='line_1_11' title="bbox 305 929 1659 986; baseline -0.001 -13"><span class='ocrx_word' id='word_1_74' title='bbox 305 933 389 974; x_wconf 90' lang='lat' dir='ltr'><strong>lam</strong></span> <span class='ocrx_word' id='word_1_75' title='bbox 408 930 632 972; x_wconf 90' lang='lat' dir='ltr'><strong>immodica</strong></span> <span class='ocrx_word' id='word_1_76' title='bbox 657 929 782 971; x_wconf 90' lang='lat' dir='ltr'><strong>animi</strong></span> <span class='ocrx_word' id='word_1_77' title='bbox 801 929 1029 986; x_wconf 86' lang='lat' dir='ltr'><strong>cupiditate</strong></span> <span class='ocrx_word' id='word_1_78' title='bbox 1050 945 1059 971; x_wconf 73' lang='grc' dir='ltr'><em>τ</em></span> <span class='ocrx_word' id='word_1_79' title='bbox 1080 929 1204 970; x_wconf 86' lang='lat' dir='ltr'><strong>simul</strong></span> <span class='ocrx_word' id='word_1_80' title='bbox 1227 929 1322 985; x_wconf 87' lang='lat' dir='ltr'><strong>quia</strong></span> <span class='ocrx_word' id='word_1_81' title='bbox 1346 929 1553 971; x_wconf 81' lang='lat' dir='ltr'>similibus</span> <span class='ocrx_word' id='word_1_82' title='bbox 1570 930 1659 986; x_wconf 91' lang='lat' dir='ltr'><strong>ejus</strong></span> 
     </span>
     <span class='ocr_line' id='line_1_12' title="bbox 306 998 1660 1056; baseline -0.003 -13"><span class='ocrx_word' id='word_1_83' title='bbox 306 1016 393 1043; x_wconf 89' lang='lat' dir='ltr'><strong>non</strong></span> <span class='ocrx_word' id='word_1_84' title='bbox 433 1000 709 1056; x_wconf 81' lang='lat' dir='ltr'><strong>fungebatur,</strong></span> <span class='ocrx_word' id='word_1_85' title='bbox 743 999 1043 1040; x_wconf 81' lang='lat' dir='ltr'><strong>exardescebat</strong></span> <span class='ocrx_word' id='word_1_86' title='bbox 1086 998 1216 1054; x_wconf 80' lang='lat' dir='ltr'><strong>magis</strong></span> <span class='ocrx_word' id='word_1_87' title='bbox 1245 998 1461 1054; x_wconf 81' lang='lat' dir='ltr'><strong>magisque</strong></span> <span class='ocrx_word' id='word_1_88' title='bbox 1493 1013 1660 1055; x_wconf 84' lang='lat' dir='ltr'><strong>posses-</strong></span> 
     </span>
     <span class='ocr_line' id='line_1_13' title="bbox 303 1068 1661 1124; baseline -0.004 -11"><span class='ocrx_word' id='word_1_89' title='bbox 303 1072 443 1117; x_wconf 86' lang='lat' dir='ltr'><strong>sione,</strong></span> <span class='ocrx_word' id='word_1_90' title='bbox 484 1078 606 1124; x_wconf 84' lang='lat' dir='ltr'><strong>atque</strong></span> <span class='ocrx_word' id='word_1_91' title='bbox 644 1068 829 1109; x_wconf 88' lang='lat' dir='ltr'><strong>immane</strong></span> <span class='ocrx_word' id='word_1_92' title='bbox 863 1076 1067 1122; x_wconf 84' lang='lat' dir='ltr'><strong>quantum</strong></span> <span class='ocrx_word' id='word_1_93' title='bbox 1103 1068 1369 1109; x_wconf 61' lang='lat' dir='ltr'><strong>exaestuabat.</strong></span> <span class='ocrx_word' id='word_1_94' title='bbox 1409 1069 1525 1109; x_wconf 86' lang='lat' dir='ltr'><strong>Unde</strong></span> <span class='ocrx_word' id='word_1_95' title='bbox 1564 1068 1661 1123; x_wconf 88' lang='lat' dir='ltr'><strong>quia</strong></span> 
     </span>
     <span class='ocr_line' id='line_1_14' title="bbox 306 1137 1660 1193; baseline -0.003 -12"><span class='ocrx_word' id='word_1_96' title='bbox 306 1139 411 1181; x_wconf 88' lang='lat' dir='ltr'>nihil</span> <span class='ocrx_word' id='word_1_97' title='bbox 428 1138 759 1180; x_wconf 65' lang='lat' dir='ltr'><strong>reserebatnr‘ex</strong></span> <span class='ocrx_word' id='word_1_98' title='bbox 782 1145 900 1193; x_wconf 86' lang='lat' dir='ltr'><strong>parte</strong></span> <span class='ocrx_word' id='word_1_99' title='bbox 915 1137 1262 1185; x_wconf 80' lang='lat' dir='ltr'><strong>adolescentulae,</strong></span> <span class='ocrx_word' id='word_1_100' title='bbox 1277 1137 1341 1177; x_wconf 90' lang='lat' dir='ltr'><strong>vel</strong></span> <span class='ocrx_word' id='word_1_101' title='bbox 1356 1138 1524 1178; x_wconf 82' lang='lat' dir='ltr'><strong>levitate</strong></span> <span class='ocrx_word' id='word_1_102' title='bbox 1548 1152 1660 1179; x_wconf 88' lang='lat' dir='ltr'><strong>amo-</strong></span> 
     </span>
     <span class='ocr_line' id='line_1_15' title="bbox 303 1206 1661 1264; baseline -0.002 -12"><span class='ocrx_word' id='word_1_103' title='bbox 303 1211 381 1259; x_wconf 88' lang='lat' dir='ltr'><strong>ris,</strong></span> <span class='ocrx_word' id='word_1_104' title='bbox 407 1210 471 1251; x_wconf 90' lang='lat' dir='ltr'><strong>vel</strong></span> <span class='ocrx_word' id='word_1_105' title='bbox 505 1209 543 1250; x_wconf 93' lang='lat' dir='ltr'><strong>vi</strong></span> <span class='ocrx_word' id='word_1_106' title='bbox 571 1207 748 1256; x_wconf 90' lang='lat' dir='ltr'><strong>doloris,</strong></span> <span class='ocrx_word' id='word_1_107' title='bbox 773 1208 886 1263; x_wconf 90' lang='lat' dir='ltr'><strong>quod</strong></span> <span class='ocrx_word' id='word_1_108' title='bbox 909 1206 1235 1262; x_wconf 81' lang='lat' dir='ltr'><strong>haudquaquam</strong></span> <span class='ocrx_word' id='word_1_109' title='bbox 1258 1208 1455 1249; x_wconf 84' lang='lat' dir='ltr'><strong>mercede</strong></span> <span class='ocrx_word' id='word_1_110' title='bbox 1489 1208 1578 1264; x_wconf 89' lang='lat' dir='ltr'><strong>pari</strong></span> <span class='ocrx_word' id='word_1_111' title='bbox 1601 1223 1661 1249; x_wconf 91' lang='lat' dir='ltr'><strong>se-</strong></span> 
     </span>
     <span class='ocr_line' id='line_1_16' title="bbox 307 1277 1660 1334; baseline -0.002 -12"><span class='ocrx_word' id='word_1_112' title='bbox 307 1296 403 1323; x_wconf 88' lang='lat' dir='ltr'><strong>cum</strong></span> <span class='ocrx_word' id='word_1_113' title='bbox 428 1281 699 1326; x_wconf 89' lang='lat' dir='ltr'><strong>decerneret,</strong></span> <span class='ocrx_word' id='word_1_114' title='bbox 726 1292 823 1319; x_wconf 90' lang='lat' dir='ltr'><strong>cum</strong></span> <span class='ocrx_word' id='word_1_115' title='bbox 841 1279 989 1318; x_wconf 89' lang='lat' dir='ltr'><strong>eadem</strong></span> <span class='ocrx_word' id='word_1_116' title='bbox 1008 1277 1313 1333; x_wconf 85' lang='lat' dir='ltr'><strong>expostulabat.</strong></span> <span class='ocrx_word' id='word_1_117' title='bbox 1328 1277 1435 1318; x_wconf 88' lang='lat' dir='ltr'><strong>Hinc</strong></span> <span class='ocrx_word' id='word_1_118' title='bbox 1465 1278 1660 1334; x_wconf 82' lang='lat' dir='ltr'><strong>frequens</strong></span> 
     </span>
     <span class='ocr_line' id='line_1_17' title="bbox 304 1345 1658 1407; baseline -0.001 -16"><span class='ocrx_word' id='word_1_119' title='bbox 304 1349 488 1407; x_wconf 85' lang='lat' dir='ltr'><strong>jurgium</strong></span> <span class='ocrx_word' id='word_1_120' title='bbox 510 1364 519 1390; x_wconf 90' lang='lat'>:</span> <span class='ocrx_word' id='word_1_121' title='bbox 542 1363 626 1404; x_wconf 92' lang='lat' dir='ltr'><strong>quo</strong></span> <span class='ocrx_word' id='word_1_122' title='bbox 644 1347 796 1388; x_wconf 88' lang='lat' dir='ltr'><strong>mulier</strong></span> <span class='ocrx_word' id='word_1_123' title='bbox 812 1345 994 1395; x_wconf 83' lang='lat' dir='ltr'><strong>offensa,</strong></span> <span class='ocrx_word' id='word_1_124' title='bbox 1020 1347 1155 1389; x_wconf 86' lang='lat' dir='ltr'><strong>claves</strong></span> <span class='ocrx_word' id='word_1_125' title='bbox 1179 1346 1336 1388; x_wconf 78' lang='lat' dir='ltr'>remisit</span> <span class='ocrx_word' id='word_1_126' title='bbox 1361 1347 1469 1402; x_wconf 76' lang='lat'>(78),</span> <span class='ocrx_word' id='word_1_127' title='bbox 1486 1349 1658 1390; x_wconf 86' lang='lat' dir='ltr'><strong>domum</strong></span> 
     </span>
     <span class='ocr_line' id='line_1_18' title="bbox 304 1419 489 1462; baseline -0.016 0"><span class='ocrx_word' id='word_1_128' title='bbox 304 1419 489 1462; x_wconf 89' lang='lat' dir='ltr'><strong>revertit.</strong></span> 
     </span>
    </p>

    <p class='ocr_par' dir='ltr' id='par_1_4' title="bbox 296 1484 1659 2379">
     <span class='ocr_line' id='line_1_19' title="bbox 361 1484 1659 1542; baseline -0.002 -13"><span class='ocrx_word' id='word_1_129' title='bbox 361 1488 430 1529; x_wconf 92' lang='lat' dir='ltr'><strong>IV.</strong></span> <span class='ocrx_word' id='word_1_130' title='bbox 470 1486 524 1529; x_wconf 92' lang='lat' dir='ltr'><strong>At</strong></span> <span class='ocrx_word' id='word_1_131' title='bbox 547 1486 615 1527; x_wconf 92' lang='lat' dir='ltr'><strong>ille</strong></span> <span class='ocrx_word' id='word_1_132' title='bbox 634 1499 773 1527; x_wconf 89' lang='lat' dir='ltr'><strong>amore</strong></span> <span class='ocrx_word' id='word_1_133' title='bbox 797 1484 930 1527; x_wconf 89' lang='lat' dir='ltr'><strong>victus</strong></span> <span class='ocrx_word' id='word_1_134' title='bbox 948 1518 958 1534; x_wconf 89' lang='lat'><em>‚</em></span> <span class='ocrx_word' id='word_1_135' title='bbox 982 1485 1052 1540; x_wconf 87' lang='lat' dir='ltr'><strong>qui</strong></span> <span class='ocrx_word' id='word_1_136' title='bbox 1080 1484 1193 1540; x_wconf 87' lang='lat' dir='ltr'><strong>quod</strong></span> <span class='ocrx_word' id='word_1_137' title='bbox 1216 1494 1401 1542; x_wconf 78' lang='lat' dir='ltr'><strong>speraret</strong></span> <span class='ocrx_word' id='word_1_138' title='bbox 1421 1499 1504 1526; x_wconf 90' lang='lat' dir='ltr'><strong>non</strong></span> <span class='ocrx_word' id='word_1_139' title='bbox 1527 1485 1659 1527; x_wconf 29' lang='lat' dir='ltr'><strong>haber·</strong></span> 
     </span>
     <span class='ocr_line' id='line_1_20' title="bbox 301 1554 1657 1611; baseline -0.004 -10"><span class='ocrx_word' id='word_1_140' title='bbox 301 1559 374 1601; x_wconf 88' lang='lat' dir='ltr'><strong>bat</strong></span> <span class='ocrx_word' id='word_1_141' title='bbox 392 1558 528 1605; x_wconf 83' lang='lat' dir='ltr'><strong>aliud3</strong></span> <span class='ocrx_word' id='word_1_142' title='bbox 551 1571 647 1598; x_wconf 88' lang='lat' dir='ltr'><strong>cnm</strong></span> <span class='ocrx_word' id='word_1_143' title='bbox 673 1563 868 1611; x_wconf 89' lang='lat' dir='ltr'><strong>quartum</strong></span> <span class='ocrx_word' id='word_1_144' title='bbox 884 1554 968 1610; x_wconf 89' lang='lat' dir='ltr'><strong>jam</strong></span> <span class='ocrx_word' id='word_1_145' title='bbox 994 1569 1182 1596; x_wconf 88' lang='lat' dir='ltr'><strong>mensem</strong></span> <span class='ocrx_word' id='word_1_146' title='bbox 1208 1554 1340 1597; x_wconf 88' lang='lat' dir='ltr'><strong>fluere</strong></span> <span class='ocrx_word' id='word_1_147' title='bbox 1365 1563 1582 1603; x_wconf 83' lang='lat' dir='ltr'><strong>cerneret,</strong></span> <span class='ocrx_word' id='word_1_148' title='bbox 1606 1570 1657 1596; x_wconf 93' lang='lat' dir='ltr'><strong>eo</strong></span> 
     </span>
     <span class='ocr_line' id='line_1_21' title="bbox 303 1625 1658 1681; baseline -0.004 -9"><span class='ocrx_word' id='word_1_149' title='bbox 303 1629 544 1676; x_wconf 87' lang='lat' dir='ltr'><strong>contendit,</strong></span> <span class='ocrx_word' id='word_1_150' title='bbox 584 1627 714 1669; x_wconf 80' lang='lat' dir='ltr'><strong>fretus</strong></span> <span class='ocrx_word' id='word_1_151' title='bbox 769 1627 882 1681; x_wconf 88' lang='lat' dir='ltr'><strong>quod</strong></span> <span class='ocrx_word' id='word_1_152' title='bbox 923 1625 1098 1666; x_wconf 90' lang='lat' dir='ltr'><strong>consilio</strong></span> <span class='ocrx_word' id='word_1_153' title='bbox 1135 1634 1359 1681; x_wconf 87' lang='lat' dir='ltr'><strong>parentum</strong></span> <span class='ocrx_word' id='word_1_154' title='bbox 1395 1625 1658 1667; x_wconf 86' lang='lat' dir='ltr'><strong>emolliretur</strong></span> 
     </span>
     <span class='ocr_line' id='line_1_22' title="bbox 304 1693 1658 1751; baseline -0.004 -9"><span class='ocrx_word' id='word_1_155' title='bbox 304 1699 464 1742; x_wconf 89' lang='lat' dir='ltr'><strong>animus</strong></span> <span class='ocrx_word' id='word_1_156' title='bbox 497 1693 862 1740; x_wconf 65' lang='lat' dir='ltr'><strong>adolescentulae-²².</strong></span> <span class='ocrx_word' id='word_1_157' title='bbox 895 1694 1095 1737; x_wconf 88' lang='lat' dir='ltr'><strong>Occurrit</strong></span> <span class='ocrx_word' id='word_1_158' title='bbox 1123 1709 1199 1750; x_wconf 82' lang='lat' dir='ltr'><strong>pro</strong></span> <span class='ocrx_word' id='word_1_159' title='bbox 1223 1694 1383 1736; x_wconf 89' lang='lat' dir='ltr'><strong>foribus</strong></span> <span class='ocrx_word' id='word_1_160' title='bbox 1413 1709 1554 1742; x_wconf 90' lang='lat' dir='ltr'><strong>socer,</strong></span> <span class='ocrx_word' id='word_1_161' title='bbox 1585 1709 1658 1751; x_wconf 82' lang='lat' dir='ltr'><strong>ge-</strong></span> 
     </span>
     <span class='ocr_line' id='line_1_23' title="bbox 300 1763 1655 1813; baseline -0.004 -2"><span class='ocrx_word' id='word_1_162' title='bbox 300 1784 450 1812; x_wconf 89' lang='lat' dir='ltr'><strong>nerum</strong></span> <span class='ocrx_word' id='word_1_163' title='bbox 491 1765 723 1809; x_wconf 86' lang='lat' dir='ltr'><strong>introduxit</strong></span> <span class='ocrx_word' id='word_1_164' title='bbox 743 1797 752 1813; x_wconf 87' lang='lat'><strong>,</strong></span> <span class='ocrx_word' id='word_1_165' title='bbox 794 1763 923 1806; x_wconf 88' lang='lat' dir='ltr'><strong>filiam</strong></span> <span class='ocrx_word' id='word_1_166' title='bbox 960 1764 1275 1813; x_wconf 88' lang='lat' dir='ltr'><strong>reconciliavit;</strong></span> <span class='ocrx_word' id='word_1_167' title='bbox 1322 1773 1364 1806; x_wconf 88' lang='lat' dir='ltr'><strong>et</strong></span> <span class='ocrx_word' id='word_1_168' title='bbox 1403 1773 1448 1806; x_wconf 93' lang='lat' dir='ltr'><strong>ut</strong></span> <span class='ocrx_word' id='word_1_169' title='bbox 1477 1764 1655 1806; x_wconf 84' lang='lat' dir='ltr'><strong>laetiores</strong></span> 
     </span>
     <span class='ocr_line' id='line_1_24' title="bbox 302 1833 1656 1891; baseline -0.004 -11"><span class='ocrx_word' id='word_1_170' title='bbox 302 1838 556 1884; x_wconf 90' lang='lat' dir='ltr'><strong>dimitteret,</strong></span> <span class='ocrx_word' id='word_1_171' title='bbox 582 1835 721 1877; x_wconf 88' lang='lat' dir='ltr'><strong>triduo</strong></span> <span class='ocrx_word' id='word_1_172' title='bbox 741 1834 900 1882; x_wconf 88' lang='lat' dir='ltr'><strong>tenuit,</strong></span> <span class='ocrx_word' id='word_1_173' title='bbox 919 1834 1037 1889; x_wconf 89' lang='lat' dir='ltr'><strong>quasi</strong></span> <span class='ocrx_word' id='word_1_174' title='bbox 1058 1843 1272 1890; x_wconf 85' lang='lat' dir='ltr'><strong>repararet</strong></span> <span class='ocrx_word' id='word_1_175' title='bbox 1296 1833 1462 1891; x_wconf 79' lang='lat' dir='ltr'><strong>nuptias</strong></span> <span class='ocrx_word' id='word_1_176' title='bbox 1483 1847 1493 1874; x_wconf 87' lang='lat'><strong>:</strong></span> <span class='ocrx_word' id='word_1_177' title='bbox 1521 1847 1567 1874; x_wconf 89' lang='lat' dir='ltr'><strong>ac</strong></span> <span class='ocrx_word' id='word_1_178' title='bbox 1589 1847 1656 1874; x_wconf 85' lang='lat' dir='ltr'><strong>vo-</strong></span> 
     </span>
     <span class='ocr_line' id='line_1_25' title="bbox 302 1902 1654 1961; baseline -0.004 -12"><span class='ocrx_word' id='word_1_179' title='bbox 302 1907 404 1949; x_wconf 87' lang='lat' dir='ltr'><strong>lenti</strong></span> <span class='ocrx_word' id='word_1_180' title='bbox 422 1906 536 1948; x_wconf 86' lang='lat' dir='ltr'><strong>abire</strong></span> <span class='ocrx_word' id='word_1_181' title='bbox 551 1938 561 1954; x_wconf 90' lang='lat'><strong>,</strong></span> <span class='ocrx_word' id='word_1_182' title='bbox 580 1913 777 1961; x_wconf 89' lang='lat' dir='ltr'><strong>quartum</strong></span> <span class='ocrx_word' id='word_1_183' title='bbox 798 1918 965 1960; x_wconf 92' lang='lat' dir='ltr'><strong>quoque</strong></span> <span class='ocrx_word' id='word_1_184' title='bbox 983 1903 1093 1945; x_wconf 90' lang='lat' dir='ltr'><strong>diem</strong></span> <span class='ocrx_word' id='word_1_185' title='bbox 1117 1902 1528 1960; x_wconf 85' lang='lat' dir='ltr'><strong>comperendinavit,</strong></span> <span class='ocrx_word' id='word_1_186' title='bbox 1546 1916 1654 1959; x_wconf 81' lang='lat' dir='ltr'><strong>prae-</strong></span> 
     </span>
     <span class='ocr_line' id='line_1_26' title="bbox 300 1972 1652 2031; baseline -0.004 -12"><span class='ocrx_word' id='word_1_187' title='bbox 300 1984 414 2019; x_wconf 89' lang='lat' dir='ltr'><strong>tenta</strong></span> <span class='ocrx_word' id='word_1_188' title='bbox 437 1973 710 2018; x_wconf 85' lang='lat' dir='ltr'><strong>humanitatis</strong></span> <span class='ocrx_word' id='word_1_189' title='bbox 744 1975 904 2031; x_wconf 90' lang='lat' dir='ltr'><strong>specie,</strong></span> <span class='ocrx_word' id='word_1_190' title='bbox 934 1987 1073 2014; x_wconf 87' lang='lat' dir='ltr'><strong>moras</strong></span> <span class='ocrx_word' id='word_1_191' title='bbox 1111 1973 1378 2015; x_wconf 87' lang='lat' dir='ltr'><strong>innectendo.</strong></span> <span class='ocrx_word' id='word_1_192' title='bbox 1408 1972 1503 2014; x_wconf 89' lang='lat' dir='ltr'><strong>Pari</strong></span> <span class='ocrx_word' id='word_1_193' title='bbox 1527 1973 1652 2014; x_wconf 85' lang='lat' dir='ltr'><strong>modo</strong></span> 
     </span>
     <span class='ocr_line' id='line_1_27' title="bbox 300 2042 1648 2100; baseline -0.003 -13"><span class='ocrx_word' id='word_1_194' title='bbox 300 2060 398 2087; x_wconf 89' lang='lat' dir='ltr'><strong>cum</strong></span> <span class='ocrx_word' id='word_1_195' title='bbox 427 2045 554 2087; x_wconf 86' lang='lat' dir='ltr'><strong>etiam</strong></span> <span class='ocrx_word' id='word_1_196' title='bbox 576 2044 771 2100; x_wconf 88' lang='lat' dir='ltr'><strong>quintum</strong></span> <span class='ocrx_word' id='word_1_197' title='bbox 795 2043 906 2084; x_wconf 92' lang='lat' dir='ltr'><strong>diem</strong></span> <span class='ocrx_word' id='word_1_198' title='bbox 937 2043 1061 2084; x_wconf 89' lang='lat' dir='ltr'><strong>vellet</strong></span> <span class='ocrx_word' id='word_1_199' title='bbox 1088 2042 1318 2099; x_wconf 85' lang='lat' dir='ltr'><strong>adjungere</strong></span> <span class='ocrx_word' id='word_1_200' title='bbox 1339 2042 1648 2100; x_wconf 86' lang='lat' dir='ltr'><strong>superioribus,</strong></span> 
     </span>
     <span class='ocr_line' id='line_1_28' title="bbox 299 2110 1651 2170; baseline -0.003 -14"><span class='ocrx_word' id='word_1_201' title='bbox 299 2123 341 2156; x_wconf 89' lang='lat' dir='ltr'><strong>et</strong></span> <span class='ocrx_word' id='word_1_202' title='bbox 359 2114 444 2170; x_wconf 87' lang='lat' dir='ltr'><strong>jam</strong></span> <span class='ocrx_word' id='word_1_203' title='bbox 465 2128 582 2155; x_wconf 85' lang='lat' dir='ltr'><strong>novae</strong></span> <span class='ocrx_word' id='word_1_204' title='bbox 604 2113 797 2154; x_wconf 89' lang='lat' dir='ltr'><strong>deessent</strong></span> <span class='ocrx_word' id='word_1_205' title='bbox 823 2125 958 2153; x_wconf 84' lang='lat' dir='ltr'><strong>causae</strong></span> <span class='ocrx_word' id='word_1_206' title='bbox 992 2112 1208 2159; x_wconf 89' lang='lat' dir='ltr'><strong>morandi;</strong></span> <span class='ocrx_word' id='word_1_207' title='bbox 1230 2120 1404 2168; x_wconf 89' lang='lat' dir='ltr'><strong>paterno</strong></span> <span class='ocrx_word' id='word_1_208' title='bbox 1428 2120 1566 2153; x_wconf 84' lang='lat' dir='ltr'><strong>tamen</strong></span> <span class='ocrx_word' id='word_1_209' title='bbox 1591 2110 1651 2152; x_wconf 86' lang='lat' dir='ltr'><strong>af-</strong></span> 
     </span>
     <span class='ocr_line' id='line_1_29' title="bbox 296 2179 1650 2238; baseline -0.003 -13"><span class='ocrx_word' id='word_1_210' title='bbox 296 2183 410 2225; x_wconf 86' lang='lat' dir='ltr'><strong>fectu</strong></span> <span class='ocrx_word' id='word_1_211' title='bbox 432 2182 661 2224; x_wconf 76' lang='lat' dir='ltr'><strong>retinendae</strong></span> <span class='ocrx_word' id='word_1_212' title='bbox 677 2180 772 2223; x_wconf 86' lang='lat' dir='ltr'><strong>filiae</strong></span> <span class='ocrx_word' id='word_1_213' title='bbox 795 2180 1049 2223; x_wconf 89' lang='lat' dir='ltr'><strong>desiderium</strong></span> <span class='ocrx_word' id='word_1_214' title='bbox 1074 2196 1158 2222; x_wconf 90' lang='lat' dir='ltr'><strong>non</strong></span> <span class='ocrx_word' id='word_1_215' title='bbox 1185 2181 1346 2224; x_wconf 86' lang='lat' dir='ltr'><strong>deforet</strong></span> <span class='ocrx_word' id='word_1_216' title='bbox 1365 2213 1376 2230; x_wconf 92' lang='lat'><strong>,</strong></span> <span class='ocrx_word' id='word_1_217' title='bbox 1400 2179 1650 2238; x_wconf 85' lang='lat' dir='ltr'><strong>promissam</strong></span> 
     </span>
     <span class='ocr_line' id='line_1_30' title="bbox 297 2241 1650 2311; baseline -0.002 -16"><span class='ocrx_word' id='word_1_218' title='bbox 297 2252 569 2311; x_wconf 84' lang='lat' dir='ltr'><strong>profectionis</strong></span> <span class='ocrx_word' id='word_1_219' title='bbox 605 2251 770 2309; x_wconf 87' lang='lat' dir='ltr'><strong>copiam</strong></span> <span class='ocrx_word' id='word_1_220' title='bbox 799 2251 963 2293; x_wconf 87' lang='lat' dir='ltr'><strong>distulit</strong></span> <span class='ocrx_word' id='word_1_221' title='bbox 999 2250 1041 2291; x_wconf 90' lang='lat' dir='ltr'><strong>in</strong></span> <span class='ocrx_word' id='word_1_222' title='bbox 1072 2241 1316 2299; x_wconf 82' lang='lat' dir='ltr'><strong>meridiem,</strong></span> <span class='ocrx_word' id='word_1_223' title='bbox 1342 2259 1387 2292; x_wconf 93' lang='lat' dir='ltr'><strong>ut</strong></span> <span class='ocrx_word' id='word_1_224' title='bbox 1417 2250 1525 2292; x_wconf 87' lang='lat' dir='ltr'><strong>viam</strong></span> <span class='ocrx_word' id='word_1_225' title='bbox 1554 2250 1650 2292; x_wconf 89' lang='lat' dir='ltr'><strong>cibo</strong></span> 
     </span>
     <span class='ocr_line' id='line_1_31' title="bbox 297 2321 1649 2379; baseline -0.003 -12"><span class='ocrx_word' id='word_1_226' title='bbox 297 2324 432 2367; x_wconf 87' lang='lat' dir='ltr'><strong>curati</strong></span> <span class='ocrx_word' id='word_1_227' title='bbox 454 2323 735 2366; x_wconf 86' lang='lat' dir='ltr'><strong>adorirentur.</strong></span> <span class='ocrx_word' id='word_1_228' title='bbox 759 2324 861 2364; x_wconf 90' lang='lat' dir='ltr'><strong>Post</strong></span> <span class='ocrx_word' id='word_1_229' title='bbox 883 2322 1026 2379; x_wconf 91' lang='lat' dir='ltr'><strong>epulas</strong></span> <span class='ocrx_word' id='word_1_230' title='bbox 1049 2336 1218 2378; x_wconf 91' lang='lat' dir='ltr'><strong>quoque</strong></span> <span class='ocrx_word' id='word_1_231' title='bbox 1238 2323 1381 2364; x_wconf 90' lang='lat' dir='ltr'><strong>volens</strong></span> <span class='ocrx_word' id='word_1_232' title='bbox 1405 2321 1649 2364; x_wconf 87' lang='lat' dir='ltr'><strong>dilationem</strong></span> 
     </span>
    </p>
   </div>
   <div class='ocr_carea' id='block_1_3' title="bbox 295 2434 1647 2536">
    <p class='ocr_par' dir='ltr' id='par_1_5' title="bbox 295 2434 1647 2536">
     <span class='ocr_line' id='line_1_32' title="bbox 337 2434 1647 2480; baseline -0.004 -9"><span class='ocrx_word' id='word_1_233' title='bbox 337 2447 346 2462; x_wconf 90' lang='lat'><em>¹</em></span> <span class='ocrx_word' id='word_1_234' title='bbox 366 2436 463 2471; x_wconf 80' lang='lat' dir='ltr'><strong>Judic</strong></span> <span class='ocrx_word' id='word_1_235' title='bbox 490 2447 544 2477; x_wconf 79' lang='lat' dir='ltr'><strong>xx,</strong></span> <span class='ocrx_word' id='word_1_236' title='bbox 564 2447 590 2475; x_wconf 85' lang='grc' dir='ltr'><strong>ι.</strong></span> <span class='ocrx_word' id='word_1_237' title='bbox 613 2441 646 2470; x_wconf 78' lang='lat' dir='ltr'><strong>et</strong></span> <span class='ocrx_word' id='word_1_238' title='bbox 671 2446 780 2479; x_wconf 62' lang='lat' dir='ltr'><strong>seqq„</strong></span> <span class='ocrx_word' id='word_1_239' title='bbox 805 2440 838 2470; x_wconf 83' lang='lat' dir='ltr'><strong>et</strong></span> <span class='ocrx_word' id='word_1_240' title='bbox 852 2435 906 2477; x_wconf 76' lang='lat'><strong>47.</strong></span> <span class='ocrx_word' id='word_1_241' title='bbox 923 2452 961 2462; x_wconf 88' lang='lat'><strong>·-</strong></span> <span class='ocrx_word' id='word_1_242' title='bbox 977 2444 989 2460; x_wconf 76' lang='lat'>⁸</span> <span class='ocrx_word' id='word_1_243' title='bbox 1008 2434 1062 2468; x_wconf 85' lang='lat' dir='ltr'><strong>Id.</strong></span> <span class='ocrx_word' id='word_1_244' title='bbox 1076 2445 1145 2474; x_wconf 84' lang='lat' dir='ltr'><strong>xix,</strong></span> <span class='ocrx_word' id='word_1_245' title='bbox 1166 2445 1193 2474; x_wconf 85' lang='lat'><strong>1,</strong></span> <span class='ocrx_word' id='word_1_246' title='bbox 1210 2441 1243 2470; x_wconf 89' lang='lat' dir='ltr'><strong>et</strong></span> <span class='ocrx_word' id='word_1_247' title='bbox 1254 2445 1397 2480; x_wconf 86' lang='lat' dir='ltr'><strong>seqq.-</strong></span> <span class='ocrx_word' id='word_1_248' title='bbox 1416 2434 1535 2470; x_wconf 78' lang='lat' dir='ltr'><strong>³1bid.</strong></span> <span class='ocrx_word' id='word_1_249' title='bbox 1559 2435 1592 2474; x_wconf 81' lang='lat'><strong>3,</strong></span> <span class='ocrx_word' id='word_1_250' title='bbox 1616 2439 1647 2467; x_wconf 86' lang='lat' dir='ltr'><strong>et</strong></span> 
     </span>
     <span class='ocr_line' id='line_1_33' title="bbox 295 2504 384 2536; baseline -0.034 -9"><span class='ocrx_word' id='word_1_251' title='bbox 295 2504 384 2536; x_wconf 85' lang='lat' dir='ltr'><strong>seqq.</strong></span> 
     </span>
    </p>
   </div>
  </div>
 </body>
</html>
