1774 3158
245 195 330 245 480
750 212 1085 242 ANNOTATmNES.

621 346 863 374 ANNOTATlo
901 334 990 391 (35)
1025 348 1120 391 pag.
1156 335 1226 389 98.

307 465 398 507 Non
427 465 530 506 alius
556 465 730 507 forsitan
754 482 776 508 e
800 466 1031 509 Catholicis
1053 468 1248 509 Patribus
1275 467 1509 510 absolutam
1533 482 1601 510 ac-

248 534 429 592 cipiendi
450 535 708 591 baptismatis
734 537 1028 579 necessitatem
1045 538 1175 594 magis
1192 538 1338 579 astruit
1357 553 1482 594 quam
1507 538 1603 582 Am·

250 605 412 647 brosius
435 605 557 647 variis
580 606 683 649 locis
700 639 709 655 ,
736 608 807 648 sed
832 609 1102 664 potissimum
1128 609 1201 649 lib.
1222 624 1250 650 11
1270 609 1320 649 dc
1342 608 1604 662 Abraham,

252 689 342 732 cap.
386 690 450 727 11,
475 691 592 718 num.
622 678 688 728 84.
720 677 854 720 serm.
884 679 907 720 5
938 679 983 718 ἰη
1010 679 1123 721 Psal.
1153 694 1431 730 ch111‚num.
1466 681 1539 730 14,
1565 687 1607 720 et

250 744 320 786 lib.
350 745 400 786 de
417 745 661 803 MysteriiS,
687 763 778 803 cap.
806 751 845 797 4,
862 764 979 790 num.
1012 748 1244 791 2o.vorum
1267 748 1408 790 omnia
1432 749 1498 789 illa
1521 756 1607 789 tes-

253 815 427 858 timonia
451 816 509 858 sic
532 816 665 872 accipi
689 817 845 859 debere
863 851 872 865 ,
903 828 949 860 ut
976 818 1233 875 baptismus,
1255 834 1378 875 quem
1404 818 1550 859 dicunt
1567 818 1607 859 in

254 893 350 927 voto
367 918 375 934 ‚
402 901 498 927 cum
523 886 754 943 baptismus
781 887 822 928 in
847 903 953 944 aqua
977 889 1124 930 haberi
1161 889 1328 944 nequit,
1355 889 1407 930 ad
1430 889 1607 930 salutem

254 956 447 997 sufficere
470 956 643 998 minime
666 965 857 1013 negetur,
882 959 1054 1014 planum
1069 958 1227 1000 fuciunt
1249 974 1340 1014 quae
1358 958 1424 999 bic
1445 966 1485 999 et
1504 956 1607 998 infra

256 1027 307 1066 de
328 1027 476 1067 eodem
502 1026 700 1083 baptismi
719 1035 815 1068 voto
840 1028 1080 1069 traduntur.
1111 1028 1385 1069 Innocentius
1409 1027 1465 1068 ΠΙ
1484 1026 1603 1068 Pont.

256 1096 362 1137 Max.
388 1095 560 1151 epistola
589 1095 864 1137 Cremonensi
884 1098 1084 1154 episcopo
1101 1098 1255 1154 scripta
1271 1099 1482 1139 sincerum
1503 1095 1610 1152 ejus-

257 1165 351 1206 dem
376 1166 629 1207 sacramenti
657 1165 913 1208 desiderium
933 1200 942 1214 ‚
969 1183 1066 1209 cum
1101 1169 1236 1224 ipsum
1275 1168 1315 1209 in
1339 1183 1384 1208 re
1418 1165 1611 1224 accipere

258 1234 486 1283 nonlicet,
511 1236 686 1277 salutem
710 1226 859 1278 afferre
882 1237 1080 1279 Doctoris
1099 1238 1230 1278 nostri
1253 1237 1497 1278 testimonio
1515 1251 1612 1278 con-

262 1305 395 1347 firmat
419 1323 426 1347 :
454 1321 578 1361 quam
599 1306 838 1363 opinionem
859 1316 947 1349 tum
968 1308 1158 1364 ejusdem
1186 1307 1398 1350 Ambrosii
1421 1317 1509 1349 tum
1531 1307 1613 1349 Au-

258 1376 410 1433 gustini
437 1376 684 1417 auctoritate
714 1377 911 1433 amplecti
936 1393 979 1418 se
1005 1377 1105 1419 dicit
1129 1378 1368 1419 Bernardus
1402 1377 1613 1418 Tractatu

259 1449 316 1488 ad
338 1447 573 1503 Hugonem
598 1447 894 1490 Victorinum.
929 1448 1123 1504 Denique
1147 1448 1258 1489 hunc
1284 1448 1418 1505 ipsum
1447 1447 1614 1489 Oratio-

260 1520 321 1560 nis
344 1518 519 1574 hujusce
533 1520 676 1560 locum
696 1518 736 1559 in
752 1527 997 1560 memorata}
1009 1519 1226 1560 sententia}
1245 1518 1611 1560 confirmationem

261 1589 543 1630 communiter
566 1588 698 1629 citant
728 1589 850 1645 Hugo
882 1589 1042 1631 Victor.
1081 1590 1132 1629 da
1163 1589 1367 1630 Sacram.
1394 1589 1609 1643 Baptism.

262 1673 353 1714 cap.
383 1661 419 1699 5.
448 1658 603 1699 Beatus
625 1658 808 1700 Thomas
833 1658 856 1698 5
881 1674 918 1714 p.
940 1691 951 1709 ‚
981 1673 1019 1714 q.
1043 1658 1116 1705 68,
1140 1674 1174 1699 a.
1210 1674 1245 1700 2.
1273 1657 1468 1715 Magister
1491 1656 1611 1699 Sent.

260 1729 301 1770 in
325 1730 369 1779 4,
394 1727 487 1770 dist.
511 1730 552 1779 Δ,
582 1727 609 1783 S
635 1727 750 1770 Sunt
774 1737 812 1769 et
834 1728 937 1779 acii,
962 1737 1002 1771 et
1026 1737 1119 1785 post
1137 1743 1207 1770 eos
1232 1729 1378 1785 vulgus
1402 1727 1616 1770 scholasti-

260 1813 421 1841 corum.

617 1898 860 1927 ΑΝΝοτΑΤιο
897 1884 988 1942 (36)
1025 1899 1118 1942 pag.
1161 1898 1254 1925 101.

318 2009 611 2053 Valentiniano
643 2023 806 2050 sorores
849 2016 931 2049 tres
967 2008 1094 2048 fuisse
1135 2006 1425 2063 reperiuntur,
1450 2006 1579 2046 ‚Iusta
1603 2038 1613 2057 ‚

261 2086 398 2127 Grata
418 2092 456 2124 et
486 2079 627 2120 Galla.
662 2078 768 2120 Cum
793 2087 932 2120 autem
956 2077 1046 2118 haec
1075 2077 1248 2126 ultima,
1287 2092 1378 2133 quae
1412 2085 1611 2132 nupserat

258 2153 516 2202 Theodosio,
538 2151 622 2208 jam
642 2149 840 2191 defuncta
854 2156 977 2194 esset,
999 2147 1251 2202 relinquitur
1266 2146 1424 2203 priores
1447 2153 1608 2186 tantum

257 2229 358 2269 duas
376 2224 475 2267 huic
499 2220 677 2264 orationi
698 2219 936 2261 interfuisse
954 2251 963 2267 ,
987 2232 1088 2274 quas
1116 2225 1329 2275 perpetuce
1361 2215 1607 2274 virginitatis

259 2310 442 2341 servasse
473 2291 731 2353 propositum
755 2290 808 2332 ad
829 2288 948 2346 epist.
981 2303 1052 2330 L111
1072 2287 1375 2329 annotavimus.

611 2434 856 2464 ANNOTATIO
894 2418 982 2475 (35)
1020 2432 1112 2475 pag.
1157 2432 1250 2458 102.

316 2549 540 2609 Supplicia·
569 2546 746 2606 ferali&
783 2544 824 2587 id
859 2553 946 2593 est,
974 2542 1190 2591 funebris,
1222 2540 1358 2597 inquit
1404 2539 1603 2583 Nannius.
