1774 3158
290 236 345 293 76
847 254 878 279 s.
918 254 1108 281 AMBROSH

289 337 360 370 »et
381 328 670 370 liberationem
695 329 903 371 habebitis
923 346 943 371 a
968 331 1143 373 mortuis
1167 331 1325 374 vestris.
1351 333 1403 374 Et
1425 333 1465 374 in
1490 333 1637 377 diebus

289 417 304 436 »
319 399 469 441 laetitiae
487 408 633 442 vestrae
650 434 659 449 ,
680 410 720 443 et
740 401 780 442 in
803 401 951 442 diebus
978 402 1089 443 sestis
1114 404 1279 451 vestris,
1296 404 1388 444 etin
1407 405 1638 446 neomeniis

288 468 463 509 »vestris
486 470 698 511 concinite
721 469 853 518 tubis,
881 478 922 511 et
945 470 984 510 in
999 471 1255 513 holocaustis
1283 482 1323 514 et
1345 473 1557 515 sacrificiis
1579 489 1639 515 sa-

287 555 301 575 »
316 538 518 580 lutaribus
540 539 684 581 vestris
700 572 710 588 ,
737 549 778 581 et
799 541 878 581 erit
898 540 1014 581 vobis
1030 532 1071 582 in
1091 543 1492 585 commemoratione
1505 551 1637 585 vestra

285 626 300 643 n
317 622 458 649 cortun
479 610 660 651 Domino
682 643 691 658 ,
716 611 771 651 ait
793 610 1040 651 D01niuus¹.
1062 630 1076 649 »

346 677 488 720 CVIII.
529 679 641 730 Quid
668 680 817 736 igitur,
846 680 931 722 dies
953 680 1077 722 festos
1096 681 1136 722 in
1159 691 1259 739 potu
1278 691 1318 724 et
1340 684 1382 724 in
1405 684 1537 741 epulis
1559 699 1637 726 aes-

286 747 551 790 timabimusi)
582 749 665 791 Sed
698 764 825 792 nemo
860 765 934 792 nos
972 751 1012 792 in
1052 754 1347 794 manducando
1382 747 1632 810 dijudicet&

285 818 477 859 novimus
504 819 617 860 enim
651 820 746 876 quia
776 819 861 862 Lex
888 821 1084 878 spiritalis
1114 831 1176 864 est
1206 823 1394 865 :«Nemo
1426 818 1543 881 ergo
1562 839 1636 865 nos

285 903 296 925 ι
314 887 475 942 judicet
497 889 537 930 in
561 890 667 931 escis
687 891 894 946 aliquibus
909 924 918 940 ,
939 901 1010 934 aut
1032 895 1072 934 in
1094 901 1218 950 potu,
1250 901 1319 935 aut
1343 894 1384 935 in
1411 903 1529 951 parte
1552 894 1636 936 diei

288 975 302 995 ¹>
318 957 409 999 festi
426 991 435 1006 ,
467 969 536 1002 aut
560 961 796 1002 neomeniis
813 993 823 1009 ,
853 970 924 1004 aut
947 963 1138 1012 sabbato,
1163 979 1254 1020 quae
1278 973 1376 1005 sunt
1398 965 1548 1005 umbra
1570 964 1637 1005 su-

285 1046 300 1066 »
315 1037 504 1072 turorum
522 1063 532 1078 ,
560 1046 713 1090 corpus
735 1041 872 1074 autem
893 1032 1087 1075 Christi³.
1109 1034 1300 1090 »Corpus
1319 1035 1458 1090 itaque
1481 1034 1636 1076 Christi

285 1101 568 1155 requiramus,
594 1104 705 1158 quod
724 1103 840 1144 vobis
863 1105 979 1160 quasi
998 1104 1218 1146 novissima
1243 1106 1341 1146 tuba
1359 1121 1439 1146 vox
1460 1106 1511 1147 de
1529 1106 1635 1146 coelo

285 1178 456 1226 paterna
479 1174 748 1223 monstravit,
773 1182 874 1216 tunc
899 1189 995 1216 cum
1018 1175 1213 1217 dicebaut
1237 1175 1389 1224 Judaei,
1414 1176 1509 1231 quia
1533 1175 1636 1217 toni-

286 1248 428 1283 truum
456 1242 613 1285 factum
632 1253 693 1286 est
717 1244 797 1286 illi⁶
816 1261 825 1286 :
846 1260 998 1302 corpus
1020 1245 1198 1294 Christi,
1226 1246 1339 1302 quod
1362 1247 1512 1288 iterum
1534 1246 1635 1288 tuba

285 1311 407 1352 nobis
444 1314 666 1356 novissima
700 1316 902 1358 revelabit
925 1333 967 1364 3«
997 1316 1207 1367 Quoniam
1231 1316 1316 1372 ipse
1350 1317 1552 1357 Dominus
1594 1315 1636 1356 in

284 1380 428 1436 »jussu
451 1383 729 1443 Archangeli,
755 1387 853 1428 etin
871 1387 972 1428 tuba
990 1387 1063 1428 Dei
1091 1388 1320 1428 descendet
1347 1387 1398 1428 de
1425 1387 1532 1428 coelo
1557 1401 1566 1427 ε
1594 1394 1636 1428 et

284 1471 298 1489 »
315 1455 469 1496 mortui
490 1456 561 1511 qui
581 1456 620 1497 in
641 1456 807 1500 Christo
825 1466 938 1505 sunt,
959 1457 1212 1514 resurgent⁵;
1233 1458 1305 1498 ubi
1330 1457 1441 1498 enim
1464 1472 1632 1515 corpus,

282 1523 397 1565 »illic
421 1533 461 1566 et
486 1525 703 1582 aquilae⁶:»
720 1528 793 1569 ubi
818 1527 972 1570 Christi
997 1543 1171 1585 corpus,
1204 1528 1260 1569 ibi
1290 1528 1454 1569 veritas.

340 1595 451 1638 CIX.
489 1596 678 1654 Septima
696 1597 822 1655 igitur
840 1598 940 1639 tuba
961 1598 1239 1640 hebdomadis
1257 1598 1444 1653 requiem
1469 1596 1635 1639 videtur

281 1666 517 1722 siguificare
533 1701 542 1715 ‚
569 1683 658 1724 quae
683 1683 768 1710 non
792 1670 925 1710 solum
952 1669 992 1710 in
1020 1669 1165 1710 diebus
1188 1677 1228 1709 et
1251 1669 1368 1709 annis
1386 1677 1427 1709 et
1450 1668 1633 1724 periodis

279 1737 508 1779 aestirnatur
536 1737 672 1793 (unde
700 1747 740 1779 et
768 1738 958 1793 jubilaeus
991 1747 1178 1780 sacratus
1206 1747 1268 1779 est
1299 1739 1523 1795 numerus)
1560 1738 1635 1780 sed

278 1808 403 1849 etiam
436 1824 591 1850 annum
623 1809 979 1867 septuagesimum
1008 1809 1357 1866 comprehendit,
1391 1811 1557 1865 quando
1592 1809 1632 1850 in

277 1879 538 1922 Hierusalem
566 1895 777 1936 regressus
799 1889 860 1922 est
890 1882 1067 1938 populus
1085 1913 1094 1929 ‚
1122 1881 1194 1937 qui
1223 1881 1486 1937 septuaginta
1516 1880 1633 1922 annis

279 1948 319 1989 in
344 1950 583 2007 captivitate
606 1951 782 1993 duravit.
811 1953 855 1992 In
880 1951 1117 1992 centesimis
1141 1965 1308 2006 quoque
1331 1957 1371 1990 et
1394 1950 1435 1990 in
1458 1948 1634 1991 millesi-

277 2021 356 2061 mis
387 2022 494 2063 sacri
519 2022 755 2063 observatio
785 2021 949 2063 numeri
983 2021 1155 2062 minime
1189 2020 1453 2077 praeteritur3
1493 2034 1630 2075 neque

278 2091 389 2132 enim
415 2092 546 2134 otiose
565 2092 677 2134 Deus
696 2092 798 2134 dixit
821 2092 1036 2148 :«Reliqui
1058 2091 1158 2133 mihi
1186 2100 1346 2147 septem
1370 2091 1500 2132 millia
1523 2090 1630 2131 viro-

277 2180 291 2200 »
308 2178 425 2210 rum,
450 2162 622 2219 quinon
645 2171 924 2204 curvaverunt
941 2178 1075 2220 genua
1099 2172 1195 2204 aute
1216 2161 1360 2204 Baa17.
1377 2181 1391 2200 »
1408 2162 1516 2218 Ergo
1535 2175 1631 2201 um-

276 2235 351 2275 bra
384 2235 533 2276 futurae
566 2234 716 2290 quietis
747 2234 787 2275 in
820 2234 992 2282 diebus,
1025 2234 1264 2281 mensibus,
1302 2234 1447 2281 annis,
1484 2231 1631 2274 mundi

276 2306 403 2363 ipsius
433 2313 623 2362 tempore
650 2305 878 2362 figuratum
903 2314 945 2347 et
974 2305 1067 2347 ideo
1099 2320 1173 2361 per
1201 2305 1373 2361 Moysen
1400 2304 1628 2346 mandatur

276 2377 369 2419 siliis
391 2379 517 2419 Israel
534 2411 543 2426 ‚
572 2387 617 2418 ut
648 2377 824 2433 septimo
847 2391 1013 2425 mense,
1043 2391 1122 2417 uua
1150 2376 1304 2417 mensis
1322 2408 1330 2423 ‚
1359 2375 1530 2432 singulis
1554 2373 1627 2416 fiat

275 2448 439 2506 requies
457 2448 497 2491 iu
522 2447 765 2489 memoriale
789 2448 984 2490 tubarum
1010 2462 1019 2489 ε
1045 2461 1123 2489 nec
1142 2446 1290 2489 servile
1309 2445 1481 2502 aliquod
1503 2459 1628 2502 opus,

325 2551 449 2583 'Nunu
476 2561 509 2588 x,
536 2560 624 2584 ι-ιο.
641 2559 706 2575 -2
731 2551 822 2582 Rom!
851 2561 906 2581 vu.
947 2550 997 2591 ¹4·
1022 2568 1058 2575 -
1079 2552 1091 2574 ³
1111 2549 1231 2582 coloss.
1257 2560 1295 2587 ιι,
1322 2561 1358 2587 ιι,
1377 2549 1426 2583 ι6,
1444 2548 1628 2588 ,(1081),

276 2616 335 2645 su,
355 2606 403 2646 28-
422 2623 460 2631 —w
481 2607 492 2631 3
516 2605 874 2648 13'l'itc55.1x‘,15.r-‘1'
901 2606 981 2643 hue,
998 2606 1197 2653 xv11,55.«÷
1218 2611 1228 2635 7
1247 2604 1265 2637 ὅ
1287 2604 1364 2653 fleg.
1380 2613 1449 2647 ης,
1471 2604 1517 2641 ⁸3·
