1774 3158
277 216 361 272 374
817 231 849 257 s.
886 229 1084 259 AMnnosn

272 321 356 348 nou
381 305 544 362 przbius
563 304 742 355 mensis,
773 307 844 348 sed
870 308 1168 357 duodecimus;
1188 308 1348 366 primus
1369 310 1481 352 enim
1507 325 1629 353 men-

275 376 329 417 sis
367 377 477 432 apud
504 376 721 432 AEgyptios
765 377 919 418 dicitur
960 378 1206 420 Pharmutlni
1227 413 1237 427 ,
1261 389 1302 421 et
1338 381 1483 438 incipit
1512 391 1627 424 sexto

273 445 484 487 Kalendas
513 446 665 501 Aprilis
681 479 690 492 ,
721 454 763 487 et
785 445 929 489 sinitur
959 449 1137 504 septimo
1158 449 1367 490 Kalendas
1385 450 1493 493 Maii.
1518 451 1627 507 Ergo

276 515 513 556 secuudum
538 516 756 574 rEgyptios
780 517 914 573 primo
939 534 1082 558 mense
1107 519 1361 560 celebraturi
1386 536 1529 562 sumus
1549 522 1628 563 Do-

271 585 471 627 minicam
489 587 676 634 Pasehae,
707 587 787 643 hoc
807 596 884 635 est,
910 588 1086 644 septimo
1111 588 1320 631 Kalendas
1337 589 1454 638 Maii,
1475 591 1546 646 qui
1567 600 1630 633 est

274 657 360 699 dies
384 658 621 714 trigesimus
641 658 889 700 Pharmuthi
915 659 1081 700 mensis.

328 728 440 771 XVI.
477 728 563 771 Nec
617 730 847 770 absurdum
899 729 1106 778 arbitror,
1158 738 1205 771 ut
1242 730 1339 771 inde
1383 731 1632 773 observandi

270 799 425 840 mensis
445 799 664 840 trahamus
684 800 943 858 exemplum?
964 799 1035 840 ubi
1060 799 1242 856 primum
1261 800 1419 841 Pascha
1445 802 1635 842 celebra-

273 877 361 910 tum
386 878 462 910 est,
492 870 610 911 L'nde
636 878 678 910 et
705 869 886 925 majores
917 869 1049 911 nostri
1081 870 1122 911 in
1156 878 1337 910 tractatu
1370 871 1538 912 concilii
1561 870 1634 912 Ni-

272 939 401 986 caeni,
425 939 623 980 eumdem
666 941 1116 987 enneadecateridem,
1141 940 1174 980 si
1198 940 1290 995 quis
1321 941 1542 997 diligenter
1577 941 1635 982 in-

272 1011 440 1058 tendat,
465 1010 736 1050 statuendum
756 1018 975 1066 putarunt,
996 1019 1037 1051 et
1062 1010 1198 1066 ipsum
1217 1025 1406 1051 mensem
1429 1026 1635 1052 novorum

271 1088 387 1120 recte
426 1080 748 1128 custodierunt3
783 1080 879 1136 quia
914 1081 954 1121 in
985 1073 1166 1137 [Egypto
1203 1081 1285 1122 hoc
1324 1081 1460 1137 primo
1485 1097 1629 1124 mense

273 1166 379 1191 nova
404 1159 603 1191 secantur
628 1150 838 1192 frumenta
865 1166 873 1191 ε
901 1151 968 1192 hic
994 1162 1131 1192 autem
1154 1152 1307 1192 mensis
1332 1161 1372 1193 et
1391 1153 1550 1209 primus
1575 1161 1638 1195 est

270 1222 507 1263 secundum
538 1220 833 1277 AEgyptiorum
859 1230 1111 1277 proventus,
1143 1231 1184 1262 et
1216 1223 1379 1279 primus
1401 1224 1637 1265 secundum

272 1291 451 1347 Legem,
490 1299 532 1331 et
560 1300 734 1331 octavus
762 1290 997 1331 secuudum
1033 1292 1386 1333 consuetudinem
1423 1301 1634 1342 nostram3

274 1361 448 1401 indictio
490 1360 603 1401 enim
648 1359 890 1417 Septembri
933 1376 1078 1402 mense
1122 1361 1286 1418 incipit.
1318 1362 1480 1404 Octavo
1513 1363 1639 1419 igitur

275 1445 420 1471 mense
447 1430 650 1472 Kalendae
673 1431 828 1488 Aprilis
867 1440 965 1473 sunt
991 1447 1000 1472 :
1023 1432 1170 1489 incipit
1201 1442 1340 1473 autem
1379 1433 1531 1473 mensis
1555 1447 1638 1474 non

275 1502 509 1542 seeundum
538 1502 750 1557 vulgarem
772 1517 892 1542 usum
913 1534 922 1549 ,
944 1504 1015 1543 scd
1035 1504 1267 1543 secuudum
1288 1503 1639 1543 consuetudinem

278 1573 510 1628 peritorum
526 1573 576 1613 ab
593 1572 864 1627 aequinoctio,
879 1573 948 1629 qui
973 1574 1058 1614 dies
1078 1583 1139 1614 est
1155 1574 1408 1615 duodecimo
1428 1574 1640 1615 Kalendas

276 1642 455 1699 Aprilis,
485 1650 524 1683 et
556 1641 700 1683 sinitur
724 1643 951 1684 undecimo
967 1644 1178 1685 Kalendas
1193 1644 1300 1686 Maii.
1330 1644 1433 1684 Inde
1460 1645 1640 1685 maxime

280 1713 384 1753 iutra
405 1713 478 1753 lios
499 1713 666 1769 triginta
688 1721 729 1754 et
744 1728 875 1754 unum
901 1714 987 1755 dics
1005 1730 1114 1771 saepe
1133 1713 1332 1756 celebrati
1349 1714 1518 1756 Paschae
1534 1715 1635 1756 dies.

338 1783 469 1825 XVII.
499 1783 581 1824 Sed
601 1799 697 1824 cum
717 1792 812 1824 ante
829 1785 1075 1825 sexennium
1096 1784 1453 1826 celebraverimus
1468 1784 1640 1826 Paschae

278 1852 551 1894 Doininicam
575 1854 803 1895 undecimo
831 1854 1044 1896 Kalendas
1067 1855 1187 1902 Maii,
1215 1854 1297 1896 hoc
1316 1862 1401 1902 est,
1428 1854 1641 1911 trigesimo

279 1925 344 1965 die
390 1925 570 1973 mensis,
602 1927 835 1966 secundum
868 1934 1054 1968 nostram
1094 1912 1256 1967 scillcet
1289 1926 1640 1974 calculationem,

281 1996 439 2037 moveri
473 2012 557 2037 non
591 1997 818 2045 debemus,
843 1997 874 2038 si
904 2006 945 2038 et
969 1997 1158 2053 proxime
1182 1996 1395 2053 trigesimo
1423 1995 1489 2038 die
1510 1997 1640 2038 Phar-

280 2066 417 2108 muthi
470 2066 624 2109 mensis
658 2068 913 2109 celebraturi
960 2083 1104 2109 sumus
1141 2067 1312 2109 Paschae
1349 2066 1636 2108 Dominieam.

281 2136 438 2179 Verum
465 2137 498 2178 si
522 2138 613 2193 quis
650 2153 837 2179 mensem
876 2139 1113 2180 secundum
1153 2137 1250 2178 inde
1280 2136 1511 2185 existimat,
1547 2137 1643 2193 quia

280 2215 375 2264 post
399 2207 586 2248 triduum
618 2208 819 2263 completi
846 2208 997 2249 mensis
1017 2241 1026 2256 ,
1049 2208 1119 2263 qui
1148 2207 1352 2265 compleri
1384 2208 1548 2249 videtur
1574 2223 1644 2249 un—

280 2277 445 2318 decimo
471 2277 681 2319 Kalendas
709 2278 824 2327 Maii,
853 2279 1023 2320 Paschae
1047 2279 1268 2320 Dominiea
1291 2278 1392 2324 erit;
1420 2279 1522 2320 illud
1546 2294 1644 2320 con-

278 2347 456 2395 sideret,
483 2347 578 2403 quia
606 2356 754 2404 quarta
784 2350 948 2390 decima
973 2349 1095 2398 luna,
1120 2365 1213 2406 quse
1239 2350 1463 2406 quaeritur,
1492 2359 1643 2406 quarto

279 2418 448 2460 decimo
491 2419 702 2460 Kalendas
728 2420 821 2461 Maii
855 2420 961 2468 erit,
992 2420 1074 2462 hoc
1102 2429 1184 2470 est,
1215 2421 1320 2462 intra
1352 2421 1641 2479 praescriptum

276 2489 431 2531 mensis
455 2504 696 2531 numerum.
727 2490 812 2532 Lex
835 2500 976 2533 autem
1008 2491 1118 2533 diem
1142 2491 1346 2549 passionis
1378 2492 1506 2550 exigit
1534 2491 1641 2534 intra

278 2559 461 2616 primum
486 2575 674 2603 mensem
703 2577 909 2604 novorum
933 2563 1091 2605 debere
1111 2563 1334 2606 celebrari.
