1774 3158
353 227 555 256 SERMONES
589 225 742 254 RECENS
774 226 907 258 num,
941 228 1066 255 sunno
1100 229 1126 255 1.
1348 218 1423 272 ¹47

93 305 309 347 tributaria
350 305 605 347 necessitatis
644 305 863 361 impulsat,
903 319 985 345 non
1028 306 1300 361 possessionis
1335 322 1428 349 arva

91 375 317 431 squalentia
340 409 350 423 ,
375 391 456 416 non
493 375 659 416 arbusta
683 375 891 415 cultorum
928 375 1160 416 desertione
1194 376 1391 418 deformia
1415 394 1423 419 :

91 458 173 484 non
192 459 288 484 eum
307 444 498 485 sollicitat
522 458 624 484 saeva
649 442 859 499 grandinis
877 445 1032 489 caedes,
1055 459 1138 484 non
1163 445 1328 486 ubertas
1356 447 1430 487 ini-

90 513 228 554 brium
251 515 370 570 longa
396 513 616 554 serenitate
634 527 828 569 suspensa
845 545 854 560 ,
886 526 966 553 nou
995 521 1287 569 tempestatum
1310 518 1429 557 vasti-

90 590 150 623 tas
173 584 320 624 crebra
342 598 351 623 :
378 598 458 624 non
483 583 602 624 ruina
624 590 854 629 tectorum,
891 597 972 623 non
1007 583 1192 623 conditio
1224 585 1431 640 languen-

91 651 194 693 tium
227 667 273 694 ac
300 653 568 694 morientium
594 652 882 708 proximorum
912 651 1149 693 sollicitudo
1182 651 1432 700 discruciat,

91 736 174 762 non
193 738 406 764 servorum
431 723 524 779 fuga
540 756 549 768 ‚
575 738 658 764 non
681 723 852 764 furtum.

150 792 218 834 VI.
259 794 305 833 In
328 802 416 834 tuto
434 801 531 834 sunt
557 793 695 833 omnia
716 807 807 848 quae
831 793 880 833 ad
905 793 1058 833 ceolum
1087 793 1286 834 translata
1311 804 1434 842 sunt;

92 862 203 902 nulla
235 862 445 903 calumnia
477 862 786 918 inquietantur,
824 862 937 903 nulla
968 861 1039 902 lite
1062 862 1295 917 pulsantur,
1321 865 1435 905 nullo

92 930 343 972 detrimento
361 931 547 972 saeculari
570 932 822 987 depereunt,
854 945 945 986 quae
963 932 1068 971 coelo
1088 932 1298 987 praemissa
1324 941 1434 980 sunt,

90 1013 182 1054 quae
198 999 285 1041 Deo
303 1000 477 1042 custode
494 1009 728 1048 servantur,
744 1001 910 1041 dicente
930 999 1109 1041 Domino
1128 1001 1228 1042 Jesu
1248 1002 1435 1044 Christo:

103 1069 270 1112 «Nolite
301 1071 417 1112 vobis
456 1072 637 1112 condere
674 1072 888 1112 thesauros
922 1070 962 1111 in
998 1079 1130 1119 terra,
1164 1072 1236 1112 ubi
1260 1073 1368 1113 tinea
1398 1084 1438 1115 ct

93 1155 260 1198 »aerugo
286 1141 557 1188 exterminat;
590 1150 631 1182 et
658 1140 729 1182 ubi
755 1141 866 1181 sures
900 1140 1126 1189 effodiunt,
1160 1151 1201 1183 et
1226 1142 1434 1184 furantur.

93 1227 108 1248 n
122 1209 416 1251 Thesaurizate
440 1219 580 1252 autem
601 1210 718 1251 vobis
747 1209 788 1250 in
807 1211 913 1251 coelo
928 1243 938 1258 ,
965 1210 1037 1251 ubi
1056 1226 1190 1266 neque
1210 1212 1344 1260 tinea‘,
1365 1229 1440 1255 ne-

93 1295 204 1335 »que
234 1295 372 1336 aerugo
407 1280 685 1321 exterminat:
717 1289 758 1322 et
780 1280 853 1321 ubi
880 1281 990 1339 fures
1017 1295 1101 1321 non
1133 1280 1367 1329 effodiunt,
1400 1292 1441 1324 et

94 1349 327 1390 »sui-antur.
357 1349 435 1390 Ubi
461 1349 571 1390 enim
592 1350 718 1390 fuerit
741 1349 965 1390 thesaurus
984 1358 1103 1398 tuus,
1135 1350 1190 1391 ibi
1211 1352 1290 1392 erit
1307 1361 1347 1392 et
1366 1367 1439 1393 cor

93 1437 109 1457 n
124 1427 242 1460 tuum
262 1419 297 1466 ⁵,
318 1437 333 1457 ι»
355 1417 490 1474 Hujus
524 1418 723 1475 praecepti
752 1419 946 1474 exemplo
975 1420 1186 1474 apostolus
1208 1420 1360 1462 Paulus
1378 1422 1442 1462 Ti-

92 1488 310 1530 motheum
333 1488 620 1530 beatissimum
646 1497 811 1533 monet,
836 1489 1118 1545 locupletibus
1145 1489 1271 1545 hujus
1296 1492 1438 1532 saeculi

93 1557 422 1614 praecipiendum
444 1573 452 1598 :
483 1567 528 1599 ut
547 1573 629 1599 non
650 1559 904 1604 extollantur
921 1573 1076 1614 pompa
1102 1561 1312 1602 mundana
1327 1594 1336 1611 ,
1362 1562 1436 1602 sed

95 1627 340 1669 Christianae
361 1627 603 1669 humilitatis
628 1628 874 1669 celsitudine
889 1628 1101 1683 potiantur
1121 1643 1130 1670 :
1150 1643 1289 1685 neque
1307 1646 1433 1672 saecu-

93 1698 243 1739 larium
279 1697 512 1739 divitiarum
548 1713 620 1754 spe
650 1698 809 1738 caduca
842 1697 1053 1745 fallantur,
1090 1700 1164 1740 sed
1200 1700 1437 1742 divinarum

95 1765 420 1824 promissionum
443 1766 791 1823 perpetuitatibus
813 1766 1056 1808 invitentur.
1076 1785 1092 1804 «
1118 1768 1347 1816 Divitibus,
1385 1771 1444 1810 in-

95 1837 237 1892 »quit,
263 1835 389 1892 hujus
407 1836 546 1877 saeculi
565 1836 766 1892 praecipe,
792 1851 876 1876 non
904 1837 1083 1892 superbe
1112 1853 1280 1893 sapere,
1306 1854 1442 1895 neque

97 1921 292 1963 »sperare
315 1906 356 1946 in
376 1905 538 1946 incerto
558 1906 796 1946 divitiarum
820 1920 987 1946 suarum
1003 1938 1013 1953 ‚
1043 1907 1115 1946 sed
1146 1907 1186 1946 in
1210 1907 1296 1948 Deo
1319 1909 1436 1956 vivo,

95 1976 196 2032 »qui
219 1985 385 2033 praestat
407 1976 529 2018 nobis
553 1976 691 2016 onmia
716 1976 930 2016 abundare
947 1977 997 2017 ad
1011 1975 1248 2025 fruendum,
1276 1978 1441 2019 benefa-

97 2047 262 2095 nciant,
298 2047 444 2089 divites
471 2047 554 2088 sint
586 2047 626 2087 in
666 2046 862 2103 operibus
902 2046 1046 2094 bonis,
1073 2046 1192 2087 facile
1225 2048 1436 2094 tribuant.

98 2116 467 2163 »communicent,
507 2115 791 2157 thesaurizent
819 2115 896 2157 sibi
927 2115 1251 2157 fundamentum
1281 2117 1441 2159 bonum

96 2187 169 2228 »in
195 2185 407 2235 futurum,
433 2194 476 2227 ut
501 2185 815 2243 apprehendant
833 2199 974 2226 veram
996 2184 1164 2227 vitam².
1194 2205 1208 2225 »

143 2282 152 2298 ¹
171 2274 477 2317 Matth.v1‚19-21.
494 2293 534 2299 —
553 2283 564 2297 ²
586 2285 598 2307 ι
619 2276 706 2307 Tim.
723 2286 766 2312 vi,
790 2285 897 2316 17—19.

1236 2619 1295 2644 10.
