1774 3158
274 240 355 280 228
819 251 850 278 ε.
891 249 1080 278 Ananosn

331 329 387 372 X.
420 327 558 370 Habes
575 326 656 369 hoe
673 335 714 368 et
732 326 772 367 in
787 326 1040 384 Evangelio:
1060 326 1216 368 «Petite
1235 334 1277 369 et
1295 326 1463 370 dabitur
1478 328 1620 371 vohis:

284 419 299 438 ιι
318 399 502 453 Quzerite
518 431 527 446 ‚
549 406 591 440 et
614 398 833 439 invenietis
860 413 869 439 ε
895 400 1083 456 pulsate,
1108 406 1149 440 et
1177 399 1389 455 aperietur
1411 399 1570 442 vobis¹.
1600 418 1614 438 ι

271 472 371 514 Pete
392 477 463 515 &reb
483 481 545 514 τοῦ
565 476 696 519 αἰτίου,
721 469 762 510 id
790 477 892 519 est„
909 469 959 510 ab
994 478 1165 510 auctore
1198 483 1352 524 quaere.
1381 470 1519 512 Habes
1545 475 1626 515 {Dm

273 540 556 598 intelligibila,
587 539 738 595 quibus
778 519 937 595 quaeras
969 553 977 580 :
1015 540 1158 595 pulsa,
1189 546 1230 580 et
1255 539 1387 596 aperit
1417 540 1491 582 tibi
1517 540 1627 582 Deus

273 612 473 653 Verbum.
494 610 596 661 Quae
615 609 737 667 petit,
761 624 878 650 mens
900 617 961 650 est
979 641 988 656 ,
1006 623 1097 664 qnae
1120 618 1339 665 operatur,
1361 609 1469 651 sicut
1493 609 1596 666 ignis
1620 623 1629 650 t

275 680 549 738 intelligibilia
564 711 574 727 ‚
599 679 640 720 in
662 678 815 734 quibus
837 677 989 720 mentis
1015 680 1138 719 ardor
1158 687 1378 734 operatur,
1399 679 1506 725 sicut
1528 679 1632 739 ignis

273 756 315 798 in
339 752 459 810 lignis
487 767 495 792 ε
527 750 659 808 aperit
690 748 763 790 tibi
793 747 982 790 Verbum
1015 750 1150 796 Deus,
1179 750 1293 804 quod
1318 757 1380 791 est
1406 756 1634 805 ἀποτέλεσμα,

274 824 488 867 Habemus
519 829 561 862 et
585 819 683 861 alibi
707 819 748 860 in
780 818 1004 873 Evangelio
1021 849 1031 866 ,
1065 818 1232 859 dicente
1255 817 1436 860 Domino
1465 833 1507 860 :a
1527 818 1635 860 Cum

276 902 445 936 sautem
479 892 644 933 tradent
673 904 767 936 vos,
805 888 935 929 nolite
969 888 1153 945 cogitare
1191 890 1404 945 quomodo
1438 898 1508 931 aut
1536 889 1637 945 quid

278 961 562 1020 »loquamini3
597 960 766 1001 dabitur
788 959 899 1000 enim
926 959 1042 999 vobis
1075 959 1117 999 in
1144 958 1210 1000 illa
1245 958 1347 1001 hora
1372 959 1473 1016 quid
1494 960 1638 1015 loqua—

276 1034 420 1076 »minh
447 1032 538 1076 Non
567 1030 679 1072 enim
711 1044 782 1071 vos
816 1028 955 1076 eritis,
983 1029 1054 1085 qui
1082 1029 1301 1085 loquimini
1331 1045 1339 1071 τ
1366 1032 1439 1072 sed
1461 1029 1640 1088 Spiritus

278 1105 438 1148 »Patris
460 1101 612 1149 vestri,
632 1101 703 1158 qni
723 1100 915 1156 loquitur
940 1100 980 1141 in
1005 1100 1123 1141 vobis
1139 1100 1168 1143 ³.
1190 1119 1205 1139 »

336 1176 412 1219 XI.
450 1174 588 1217 Habes
606 1172 688 1214 hoe
707 1172 807 1214 etin
826 1170 979 1213 Genesi
996 1171 1075 1227 (87
1089 1170 1117 1227 ),
1135 1172 1302 1213 dicente
1318 1171 1436 1215 Isaac
1458 1189 1499 1213 :a
1516 1173 1642 1224 Quod

281 1269 295 1290 n
311 1257 393 1296 est,
420 1246 522 1304 quid
544 1254 628 1287 tam
653 1244 736 1286 cito
755 1242 980 1291 invenisti,
1004 1241 1089 1290 fili;
1117 1261 1131 1281 n
1148 1242 1230 1294 Qui
1256 1243 1383 1285 dixitz
1403 1244 1545 1296 «Quid
1567 1253 1645 1287 tra—

284 1319 390 1361 didit
406 1316 610 1360 Dominus
623 1314 737 1356 Dens
760 1322 856 1355 tuus
880 1312 921 1353 in
940 1327 1089 1354 manus
1106 1327 1220 1354 meas
1235 1311 1263 1354 ³.
1283 1331 1298 1351 ι)
1320 1321 1547 1370 Αποτέλεςμα
1568 1314 1647 1356 Do.

283 1389 423 1432 minus
440 1395 514 1429 est.
544 1384 627 1437 Qui
652 1399 726 1442 per
749 1383 978 1425 Dominum
1005 1382 1178 1439 quaerit,
1210 1383 1380 1425 invenit.
1408 1383 1550 1426 Laban
1575 1386 1650 1426 de-

285 1459 414 1515 nique
455 1457 526 1514 qui
563 1470 638 1513 per
678 1453 911 1497 Dominum
949 1467 1034 1494 non
1066 1452 1280 1509 quaesivit,
1311 1453 1406 1510 quia
1438 1456 1651 1511 quaerebat

288 1530 399 1572 idola
415 1560 426 1576 ,
454 1542 537 1569 non
559 1524 756 1568 invenhffl.

311 1644 313 1655 2
350 1600 450 1642 XII.
486 1597 667 1640 Pulchre
687 1604 829 1638 antem
847 1609 950 1651 quos
969 1594 1116 1636 dicunt
1137 1601 1256 1649 ὅρους,
1278 1595 1467 1638 servavit.
1490 1596 1654 1638 Primus

293 1680 355 1713 est
377 1680 474 1725 ὅροςε
493 1687 507 1707 α
532 1668 648 1711 Vade
664 1701 674 1716 ,
700 1667 802 1710 affer
825 1666 928 1708 mihi
960 1667 1011 1708 de
1035 1665 1257 1707 venatione
1281 1674 1375 1715 tua,
1404 1675 1450 1708 ut
1476 1669 1657 1709 mandu-

297 1741 431 1784 cem⁵.
448 1760 462 1779 n
496 1739 661 1782 Excitat
682 1747 805 1794 atque
830 1739 966 1779 adolet
994 1737 1108 1779 velut
1141 1736 1223 1793 igni
1246 1738 1428 1794 quodam
1460 1738 1659 1781 adhorta-

297 1813 423 1855 tionis
456 1827 538 1853 snae
571 1818 756 1852 mentem
783 1809 894 1865 ejus,
926 1815 972 1849 ut
998 1816 1198 1865 operetur
1227 1816 1269 1849 et
1301 1816 1472 1864 quaerat.
1497 1808 1661 1852 Secun-

301 1884 378 1925 dus
407 1889 480 1939 ὅρος
521 1900 536 1919 «
563 1880 675 1933 Quid
699 1888 760 1922 est
779 1913 790 1929 ‚
816 1879 929 1936 qnod
957 1888 1040 1921 tam
1074 1878 1157 1920 cito
1185 1877 1430 1920 invenisti⁶i³
1461 1897 1475 1917 n
1509 1880 1585 1922 Hic
1619 1881 1660 1922 in

302 1952 631 2010 interrogatione
667 1959 744 1993 est.
781 1949 946 1993 Tertius
983 1956 1057 2003 ὅρος
1092 1949 1132 1990 in
1167 1949 1441 2006 responsione
1466 1964 1508 1991 t«
1537 1950 1665 2002 Quod

303 2023 504 2066 »tradidit
528 2022 734 2064 Dominus
756 2021 869 2062 Deus
901 2027 998 2061 tuus
1029 2019 1068 2060 in
1102 2033 1250 2061 manus
1284 2034 1411 2060 meas.
1440 2026 1665 2073 Amre‘).÷cpa

304 2094 416 2137 Deus
436 2102 523 2143 est,
545 2093 614 2149 qni
633 2091 850 2134 concludit
872 2098 913 2133 et
935 2097 1203 2132 consummat
1219 2088 1357 2131 onmia
1381 2105 1389 2130 z
1412 2090 1463 2131 de
1482 2103 1564 2146 quo
1588 2088 1669 2129 du-

307 2165 528 2208 bitandum
555 2179 641 2205 non
665 2171 740 2204 est.

370 2235 486 2278 Xlll.
523 2234 594 2275 Est
613 2241 653 2274 et
678 2232 747 2274 ille
764 2243 837 2291 ῑρος
863 2232 914 2273 de
939 2231 1178 2288 spontaneis
1207 2245 1248 2271 :a
1267 2230 1308 2272 Si
1334 2246 1416 2272 non
1438 2230 1670 2272 seminave-

309 2305 398 2346 ritis
415 2337 425 2353 ,
449 2319 537 2346 non
561 2302 778 2350 metetis⁷;
801 2322 815 2341 »
845 2317 941 2343 nam
971 2301 1046 2343 etsi
1070 2301 1233 2343 cultura
1262 2309 1462 2357 provocet
1486 2300 1641 2343 semina
1657 2333 1666 2349 ,

310 2385 452 2417 tamen
477 2382 623 2415 natura
654 2381 887 2431 spontaneo
918 2373 1100 2429 quodam
1118 2404 1128 2420 ‚
1160 2379 1206 2412 ut
1229 2379 1423 2427 surgant,
1444 2371 1482 2412 in
1506 2370 1553 2412 iis
1572 2385 1667 2427 ope·

307 2454 426 2487 ratur
448 2443 629 2501 ingenio.

355 2547 499 2580 vntum.
521 2559 579 2584 vn,
597 2558 627 2589 7.
646 2564 681 2570 —-
705 2557 715 2570 ²
742 2547 792 2578 ld.
814 2557 844 2586 x,
870 2546 973 2576 16.-
994 2546 1006 2567 ³
1028 2543 1112 2575 Gen.
1140 2553 1245 2580 xxxn,
1277 2553 1325 2574 20.
1347 2542 1490 2574 —41d.
1519 2553 1603 2586 sm,
1623 2542 1677 2582 53,

301 2608 332 2636 ct
354 2613 494 2646 seqq--
518 2605 528 2625 ⁵
551 2602 599 2634 ld.
619 2613 721 2638 nvn,
737 2604 788 2640 24.
810 2619 842 2625 -—-
866 2603 880 2623 ὅ
908 2599 993 2632 thid.
1012 2611 1061 2631 20.
1085 2617 1121 2623 —-
1147 2598 1279 2630 thevit.
1296 2607 1435 2638 xxv‚11‚
1451 2602 1481 2630 et
1499 2608 1586 2641 seqq.
