1774 3158
333 268 387 326 98
879 281 910 307 s.
950 281 1142 307 Anssnosu

329 361 525 403 dicebat?
543 361 668 402 Certe
687 360 720 401 si
738 359 888 401 Comes
906 375 991 400 non
1013 368 1121 401 esset
1140 358 1317 400 inssexus
1330 391 1338 405 ,
1363 366 1503 398 tecum
1523 370 1684 398 reman-

326 432 483 472 sissem.
513 430 822 472 Praesumebam
847 430 898 470 de
921 438 984 476 te,
1012 430 1128 484 quod
1145 429 1232 485 ipse
1251 443 1318 469 me
1336 427 1500 469 audires
1516 459 1527 475 ,
1550 427 1582 467 si
1608 441 1683 483 pro

332 508 372 540 te
388 515 472 540 non
488 515 578 541 csse
605 500 796 541 auditum
821 498 998 540 videres.

390 570 588 612 XXVIII.
621 571 750 611 Multa
781 569 1011 610 habueram
1033 601 1043 615 ‚
1080 584 1172 624 quae
1201 577 1385 610 tenerem
1413 582 1423 607 :
1448 581 1561 608 nnnc
1583 566 1684 607 nihil

332 640 468 681 habeo
491 649 644 696 praeter
670 642 879 695 lacrymas
902 647 944 679 ct
966 637 1104 679 fletus.
1128 638 1328 688 Quotidie
1350 637 1452 678 mihi
1473 636 1608 692 major
1636 637 1688 677 ad

333 710 521 751 dolorem
552 725 595 750 es
615 741 625 757 ‚
649 709 804 751 crescis
828 710 878 749 ad
899 708 1119 764 gemitum.
1146 707 1303 749 Omnes
1327 707 1470 763 quanti
1491 720 1559 747 me
1582 705 1689 747 sece-

331 781 386 821 ris
418 788 706 836 protestantur
741 794 751 821 :
785 794 930 820 omnes
965 779 1194 819 absentiam
1228 793 1366 818 meam
1402 791 1569 818 causam
1607 785 1688 817 tnae

331 851 475 891 mortis
497 852 721 906 appellant.
751 850 832 891 Sed
858 865 939 890 non
966 866 1056 890 sum
1085 849 1218 895 Elias,
1240 864 1322 889 non
1342 863 1432 889 sum
1459 847 1658 903 propheta
1676 880 1685 893 ,

332 930 377 961 ut
395 921 604 977 potuerim
622 920 761 961 sutura
783 934 1038 975 cognoscere
1065 937 1073 959 :
1101 919 1172 960 sed
1190 934 1282 960 sum
1305 933 1380 959 vox
1403 918 1623 959 clamantis
1651 918 1689 957 in

334 991 491 1048 gemitu
508 1024 517 1037 ‚
551 1004 635 1045 quo
667 990 822 1046 possim
845 990 1001 1030 deflere
1024 990 1248 1046 praeterita.
1277 989 1390 1039 Quid
1414 987 1525 1028 enim
1555 987 1690 1028 habeo

335 1060 449 1115 quod
471 1059 619 1100 melius
639 1058 812 1106 faciam,
839 1074 963 1114 quam
989 1068 1033 1099 ut
1058 1059 1134 1100 tibi
1158 1060 1365 1114 lacrymas
1393 1072 1467 1114 pro
1485 1064 1602 1098 tanto
1622 1064 1691 1096 tuo

335 1130 375 1169 in
394 1124 635 1169 nie'ass'cctu
660 1129 886 1184 rependam
898 1131 914 1167 ξ’
935 1129 1023 1184 Ego
1052 1138 1092 1169 te
1116 1129 1281 1183 suscepi
1311 1128 1530 1183 parvulum
1546 1159 1558 1175 ,
1593 1140 1690 1167 cum

335 1200 495 1253 legatus
519 1198 570 1237 ad
592 1197 754 1238 hostem
781 1205 899 1237 tunm
923 1212 1139 1254 pergerem
1167 1212 1176 1238 z
1206 1212 1283 1253 ego
1300 1197 1475 1238 Justinae
1492 1195 1694 1237 maternis

335 1268 536 1310 traditum
556 1267 750 1309 manibus
773 1270 986 1324 amplexus
1005 1283 1097 1309 sum
1123 1283 1131 1308 :
1153 1283 1229 1325 ego
1249 1277 1344 1309 tuus
1367 1267 1518 1308 iterum
1535 1267 1695 1323 legatus

332 1339 507 1395 repetivi
526 1338 681 1379 Gallias
700 1371 708 1383 ‚
729 1339 891 1379 etmihi
910 1339 1032 1380 dulce
1053 1339 1152 1379 illud
1172 1338 1356 1379 officium
1377 1337 1453 1378 suit
1469 1352 1544 1393 pro
1561 1339 1695 1378 salute

336 1418 407 1450 tua
435 1408 595 1466 prim0‚
624 1408 776 1449 deinde
799 1423 874 1464 pro
898 1424 1000 1464 pace
1026 1416 1151 1464 atque
1176 1408 1332 1465 pietate
1353 1439 1362 1455 ,
1388 1422 1468 1464 qua
1492 1406 1694 1447 fraternas

335 1479 531 1535 reliquias
556 1478 797 1534 postulabas
824 1493 832 1518 ε
860 1480 1048 1520 nondum
1073 1493 1148 1535 pro
1176 1488 1216 1520 te
1237 1493 1408 1520 securus
1425 1509 1434 1525 ‚
1453 1476 1596 1533 etjam
1620 1491 1694 1533 pro

335 1550 529 1592 fraternae
552 1550 777 1606 sepulturae
800 1549 962 1591 honore
985 1551 1200 1591 sollicitus.

397 1617 560 1661 XXIX.
601 1618 685 1660 Sed
709 1628 970 1661 revertamur
988 1619 1037 1661 ad
1054 1620 1244 1661 Thronos
1260 1653 1269 1667 ,
1290 1630 1331 1662 et
1355 1621 1439 1678 ipsa
1460 1620 1614 1662 doloris
1633 1619 1695 1660 in-

338 1691 580 1748 grediamur
603 1689 759 1730 viscera
783 1705 824 1730 :a
843 1690 959 1740 Quid
979 1691 1164 1731 testabor
1181 1723 1189 1737 ‚
1212 1690 1346 1746 inquit
1361 1723 1370 1738 ‚
1395 1691 1489 1737 tibi,
1511 1700 1580 1732 aut
1597 1690 1709 1746 quid*

340 1781 355 1801 n
372 1759 610 1802 assimilabo
630 1760 704 1800 tibi
725 1793 734 1808 ‚
760 1758 843 1800 filia
867 1760 1161 1814 Hierusalem?
1184 1761 1288 1811 Quis
1313 1762 1465 1801 salvam
1487 1760 1528 1801 te
1547 1759 1670 1801 faciet
1685 1792 1695 1808 ,

340 1831 521 1886 »etquis
545 1830 835 1871 consolabitur
854 1838 916 1877 tc,
940 1830 1054 1886 virgo
1073 1829 1157 1871 filia
1181 1829 1308 1871 Sion?
1331 1831 1427 1886 quia
1445 1845 1594 1886 magna
1619 1830 1699 1871 sac-

336 1911 406 1943 »ta
436 1909 499 1941 est
533 1915 658 1957 super
687 1908 728 1941 te
761 1900 956 1942 contritio
987 1909 1068 1942 tua.
1107 1901 1210 1950 Quis
1247 1901 1411 1942 sanabit
1442 1901 1506 1941 te¹
1527 1900 1571 1941 Pr>
1592 1903 1699 1951 Quis

343 1982 482 2015 autem
512 1987 578 2011 me
611 1971 899 2012 consolabitur
921 2003 931 2019 ,
968 1986 989 2012 a
1023 1986 1105 2026 quo
1140 1970 1207 2012 alii
1230 1979 1379 2027 petunt
1401 1971 1698 2012 consolationis

341 2042 526 2086 officium
542 2042 558 2081 P
572 2058 586 2078 υ
605 2041 799 2097 Implevit
817 2056 884 2081 mc
904 2041 1184 2082 amaritudine
1201 2073 1210 2088 ‚
1233 2041 1453 2082 inebriavit
1474 2056 1542 2082 mc
1560 2041 1693 2082 selle².

343 2135 358 2154 a
377 2114 571 2156 Ventrem
595 2126 737 2152 meum
765 2112 886 2152 doleo
901 2144 910 2158 ‚
936 2119 1122 2152 ventrem
1147 2126 1288 2152 meum
1315 2113 1437 2153 doleo
1452 2112 1463 2133 ³
1482 2145 1493 2160 ,
1510 2131 1525 2152 n
1541 2121 1586 2153 ut
1610 2129 1701 2170 pro-

344 2183 514 2243 phetico
542 2188 636 2222 utar
659 2180 850 2237 eloquio3
885 2181 1084 2237 quoniam
1106 2196 1231 2237 quem
1259 2181 1300 2222 in
1332 2181 1700 2238 Evangelio‘eram

345 2261 642 2313 generaturus,
665 2251 794 2292 amIsi.

404 2323 545 2367 XXX.
582 2321 663 2363 Sed
686 2321 755 2362 ille
784 2336 868 2362 non
896 2321 1033 2363 amisit
1056 2322 1230 2378 gratian]
1257 2323 1362 2378 (55)
1381 2356 1392 2372 ,
1422 2340 1546 2380 quam
1572 2340 1702 2383 popo-

348 2396 447 2442 scit,
469 2393 538 2449 qui
557 2391 660 2432 mihi
684 2391 725 2431 in
749 2406 944 2432 sermone
960 2424 970 2439 ‚
1000 2407 1082 2447 quo
1110 2392 1258 2434 utebar
1284 2394 1335 2434 ad
1356 2394 1520 2450 plebem
1536 2427 1546 2443 ‚
1576 2395 1702 2436 hodie

346 2462 584 2509 resurrexit.
624 2460 729 2503 Nam
760 2475 856 2502 cum
882 2461 923 2503 in
950 2470 1175 2503 tractatum
1210 2463 1447 2505 incidissem
1480 2466 1702 2522 proposita:

344 2533 558 2583 lectionis,
588 2532 702 2588 quod
727 2533 907 2589 populus
928 2547 1090 2589 pauper
1116 2533 1386 2576 benediceret
1403 2534 1538 2577 Deum
1555 2551 1567 2584 ;
1587 2550 1703 2592 quaee

387 2622 394 2634 ¹
420 2611 664 2649 Thren.u.15.
682 2628 718 2635 —
744 2619 757 2634 ²
775 2610 827 2644 ld.
848 2613 976 2651 111,15.
995 2630 1033 2636 —
1051 2613 1064 2634 ³
1094 2613 1359 2656 Jel'em·1‡',l9.
