1774 3158
510 264 788 292 131⁷1s‘r011A1uJu
821 264 976 293 cmissls
1008 267 1034 293 1.
1370 257 1448 306 241

169 340 414 383 Ambrosius
436 342 655 400 episcopus
685 344 785 385 dixit
808 359 818 385 :
846 343 1019 400 Sapiens
1041 360 1165 401 ergo,
1197 360 1293 388 cum
1318 347 1368 388 sit
1397 362 1456 388 sa-

109 411 278 466 pientia.

168 479 373 522 Palladius
397 481 498 523 dixit
527 497 535 524 :
558 482 800 524 Secundum
825 483 1063 540 Scripturas
1087 486 1203 527 vobis
1228 489 1456 545 responde-

110 565 214 592 mus.

168 619 413 662 Ambrosius
439 622 660 678 episcopus
684 622 808 664 dixit:
825 622 958 665 Etiam
977 624 1232 682 sapientem,
1253 638 1456 684 quantum

109 690 250 738 video,
275 690 428 732 Filium
456 692 532 733 Dei
557 692 765 734 Palladius
786 708 938 750 negare
962 703 1136 736 conatus
1161 705 1236 737 est.

167 761 370 803 Eusebius
388 762 610 819 episcopus
634 763 765 805 dixit:
788 763 870 815 Qui
888 772 1009 821 negat
1029 764 1181 807 Filium
1201 765 1276 808 Dei
1301 767 1458 824 sapien-

109 840 214 880 tem,
239 833 459 874 anathema
481 833 545 874 sit.

165 902 321 944 Omnes
343 903 528 959 episcopi
551 903 745 945 dixerunt
766 920 774 944 :
796 903 1045 947 Anathema.

164 971 358 1014 XXVHI.
387 972 590 1014 Eusebius
614 975 835 1031 episcopus
860 975 1135 1017 dixittsstiam
1163 975 1455 1018 secundianus

107 1041 158 1083 ad
182 1042 262 1083 hoe
282 1044 544 1099 respoudeat,

163 1115 355 1169 Cumque
377 1111 667 1155 Secundiauus
705 1114 924 1161 reticeret,
954 1115 1201 1158 Ambrosius
1234 1117 1455 1174 episcopus

107 1183 208 1225 dixit
232 1199 241 1224 :
273 1184 355 1235 Qui
376 1192 508 1232 tacet,
544 1184 752 1241 integrum
772 1187 859 1226 vult
890 1185 1046 1227 habere
1068 1186 1287 1241 judicium.
1315 1187 1366 1228 Et
1390 1188 1459 1228 ad·

105 1254 209 1296 didit
234 1270 243 1295 :
262 1254 405 1295 Solum
424 1255 590 1296 Patre-m
618 1256 776 1297 bouum
806 1270 902 1297 cum
922 1256 1044 1304 dicit,
1065 1257 1218 1298 Filium
1244 1256 1457 1298 consessus

105 1333 188 1373 est,
215 1341 265 1366 au
289 1325 480 1382 negavit?
992 1316 995 1318 Α

162 1396 368 1437 Palladius
392 1396 492 1437 dixit
514 1396 736 1453 :Legimus
764 1412 804 1437 :«
824 1397 909 1452 Ego
943 1412 1033 1438 sum
1060 1405 1202 1453 pastor
1224 1397 1403 1445 bonus¹3
1433 1417 1447 1435 η

104 1475 145 1508 ct
161 1481 232 1508 nos
251 1466 480 1523 negamus?
506 1467 609 1517 Quis
627 1481 709 1508 non
734 1467 846 1508 dicat
869 1467 1027 1507 bonum
1054 1467 1130 1508 Dei
1153 1467 1339 1507 Filium?

161 1536 406 1578 Ambrosius
424 1537 644 1593 episcopus
670 1536 773 1578 dixit
795 1553 804 1576 ε
826 1536 937 1593 Ergo
960 1536 1097 1578 bonus
1122 1544 1184 1578 est
1210 1536 1413 1578 Christus.

159 1607 365 1649 Palladius
393 1607 494 1648 dixit
520 1623 528 1647 :
554 1607 709 1648 Bonus,

160 1677 407 1720 Ambrosius
430 1679 651 1734 episcopus
676 1676 779 1718 dixit
805 1691 814 1717 t
840 1676 944 1718 Male
983 1691 1082 1733 ergo
1115 1675 1261 1717 Arrius
1286 1677 1338 1717 de
1365 1675 1454 1716 solo

101 1748 221 1791 Patre
244 1748 370 1799 dixit,
413 1762 508 1789 cum
533 1748 659 1789 etiam
682 1747 813 1789 Filius
836 1747 912 1788 Dei
936 1747 1048 1788 Deus
1072 1746 1268 1787 omnibus
1296 1745 1361 1786 sit.

158 1820 365 1862 Palladius
387 1819 489 1861 dixit
512 1834 520 1860 τ
550 1818 634 1869 Qui
659 1819 819 1860 honum
849 1832 933 1858 non
957 1817 1059 1859 dicit
1084 1815 1321 1865 Christum,
1347 1816 1454 1857 male

102 1891 217 1933 dicit.

157 1963 318 2011 XXIX.
358 1961 563 2003 Eusebius
597 1961 818 2017 episcopus
847 1959 950 2000 dixit
993 1973 1001 1999 τ
1043 1958 1258 2000 Christum
1289 1958 1450 1998 bonum

100 2032 451 2075 confiteris?Nam
465 2039 504 2073 et
521 2045 597 2087 ego
610 2031 746 2072 honus
765 2044 870 2070 sum.
896 2028 995 2069 Mihi
1015 2028 1138 2069 dixit:
1158 2045 1172 2064 «
1189 2028 1320 2084 Euge,
1334 2042 1452 2068 servo

99 2102 280 2149 »bone2‚
297 2121 311 2142 »
326 2111 382 2150 et,
400 2119 413 2139 a
427 2102 562 2143 Homo
592 2102 727 2142 bonus
741 2099 899 2157 profert
912 2100 962 2139 de
975 2099 1168 2139 thesauro
1187 2095 1442 2138 s110b01133.»

156 2173 363 2215 Palladius
388 2172 490 2214 dixit
514 2187 524 2213 ι
548 2171 642 2213 Jam
667 2170 777 2218 dixi,
800 2163 916 2211 vobis
941 2182 1024 2210 non
1047 2168 1282 2224 respondeo
1319 2181 1451 2222 usque

100 2243 149 2285 ad
168 2243 344 2299 plenum
374 2241 617 2283 concilium.

158 2313 405 2355 Ambrosius
426 2312 646 2370 episcopus
666 2310 769 2353 dixit
791 2325 799 2350 :
820 2309 955 2351 Judaei
976 2308 1176 2350 dicebant
1199 2307 1294 2364 quia
1313 2308 1453 2349 bonus

99 2382 181 2424 θεῖ’*
210 2399 219 2423 :
245 2391 287 2424 et
309 2382 456 2424 Arrius
477 2391 600 2438 negat
622 2381 717 2437 quia
730 2380 863 2422 Filius
886 2379 962 2420 Dei
980 2378 1114 2419 bonus
1138 2386 1212 2419 est.

154 2451 363 2494 Palladius
385 2452 488 2493 dixit
512 2451 644 2502 :Quis
668 2459 806 2508 potest
822 2450 902 2491 hoc
926 2447 1110 2505 negare?

157 2522 363 2564 Eusebius
377 2523 602 2579 episcopus
617 2521 718 2563 dixit
733 2521 899 2563 :Bonus
911 2527 973 2561 est
989 2518 1210 2575 ergoDeus
1220 2516 1350 2558 Filius
1361 2515 1450 2558 Dei.

148 2620 154 2633 ¹
179 2613 276 2643 Jouu.
292 2624 321 2646 x.
340 2624 348 2642 ι
364 2624 388 2644 ι.
410 2630 444 2636 -
466 2622 476 2635 ²
499 2613 618 2644 Matth.
636 2623 705 2649 xxv,
726 2623 777 2644 20.
797 2630 836 2636 --
852 2613 864 2634 ³
887 2611 963 2643 Luc.
984 2621 1028 2647 vn,
1048 2610 1100 2648 45.
1122 2626 1161 2632 -
1179 2611 1190 2634 ⁴
1209 2607 1304 2639 Joan.
1323 2617 1381 2643 vu,
1405 2617 1451 2637 η.

246 2684 323 2711 in.
1260 2663 1309 2703 10
