1774 3158
478 260 758 288 ams'romnuat
791 260 948 288 cmssw
981 263 1006 288 1.
1360 250 1438 291 185

96 352 179 380 non
204 337 417 396 specialis,
442 339 516 380 sed
535 340 702 394 publica
723 347 784 381 est
811 354 820 380 τ
842 354 925 380 non
946 355 1023 380 una
1041 341 1216 390 mulier,
1242 342 1314 384 sed
1338 357 1438 396 vaga

95 408 229 450 omnis
261 408 466 464 cupiditas
490 409 687 450 meretrix
711 417 785 450 est.
814 409 962 451 Omnis
985 409 1158 466 perfidia
1176 443 1186 457 ,
1213 412 1347 452 omnis
1372 412 1442 453 sal·

94 479 195 520 lucia
220 479 440 528 meretrix,
466 493 547 519 non
574 479 638 520 illa
655 481 740 520 sola
755 511 764 526 ‚
785 494 875 535 quze
891 494 1043 535 corpus
1066 480 1435 535 prostituitsuum3

95 550 163 590 sed
185 549 320 590 omnis
337 549 473 590 anima
497 564 588 604 quae
615 564 731 606 spem
756 563 872 590 suam
896 550 1040 591 vendit
1064 581 1074 597 ‚
1119 564 1209 605 quae
1234 552 1440 592 deformes

95 627 275 675 quaestus
286 629 327 661 et
345 620 592 675 degenerem
607 620 754 675 stigen]
771 619 931 675 quaerit.
951 620 1000 660 Et
1015 635 1087 661 nos
1104 620 1350 662 mercenarii
1365 635 1412 660 su
1427 646 1436 652 -

93 705 208 738 mus,
233 690 303 746 qui
325 691 376 731 ad
403 691 641 731 mercedem
657 690 895 731 laboramus
910 723 921 739 ,
945 699 986 732 et
1009 690 1134 746 hujus
1156 691 1292 747 operis
1306 683 1438 732 nostri

94 762 333 802 mercedem
352 775 566 817 speramus
589 776 607 801 a
632 761 816 802 Domino
835 770 979 803 nostro
994 771 1034 803 et
1048 762 1147 803 Deo.
1166 762 1208 804 Si
1228 762 1319 818 quis
1341 776 1440 818 cog-

95 846 266 872 noscere
291 831 377 871 vult
398 845 522 885 quam
559 831 807 872 mercenarii
831 846 1001 879 sumus,
1029 831 1170 872 audiat
1197 831 1434 872 dicentem:

103 918 117 937 «
143 900 320 951 Quantis
339 901 515 955 panibus
538 901 785 942 mercenarii
812 901 937 957 patris
970 902 1051 943 mei
1088 901 1332 943 abundant?
1361 916 1438 957 ego

95 977 260 1011 »autem
286 969 353 1010 hie
377 970 482 1010 same
504 970 672 1026 pereo¹3
691 989 704 1008 ι)
720 979 760 1012 et
778 971 880 1012 infra
906 986 948 1012 :c
966 974 1047 1013 Fac
1074 988 1140 1013 me
1156 1005 1165 1020 ‚
1205 971 1357 1027 inquit,
1389 971 1441 1011 si-

93 1058 107 1078 »
124 1047 192 1080 cut
207 1055 336 1080 unum
351 1041 707 1082 mercenariorum
733 1042 938 1083 tuorum².
965 1061 978 1079 ιι
994 1043 1151 1084 Omnes
1171 1041 1436 1089 mercenarii,

93 1126 238 1152 omnes
259 1111 461 1168 operarii:
480 1112 548 1167 qui
574 1119 712 1153 tamen
736 1112 917 1165 fructum
934 1113 1316 1170 expectatlaboris‚
1337 1128 1441 1154 con-

93 1182 245 1223 sideret
273 1183 385 1238 quod
404 1182 435 1222 is
459 1184 529 1238 qui
553 1183 678 1223 alium
705 1185 902 1225 mercede
934 1183 1186 1225 fraudaverit
1210 1184 1348 1225 debita
1364 1216 1374 1231 ‚
1400 1192 1442 1224 et

92 1252 181 1308 ipse
203 1252 465 1293 fraudabitur
488 1268 573 1294 sua.
596 1252 1224 1312 lioeiieratumjsthss'endih
1245 1261 1440 1309 etpostea

93 1323 370 1364 cumulatiore
396 1338 589 1363 mensura
603 1325 780 1364 exolvet.
801 1324 908 1380 Ergo
930 1315 999 1380 qui
1025 1338 1107 1364 non
1127 1325 1213 1364 vult
1232 1323 1439 1370 amittere,

94 1396 206 1450 quod
227 1402 288 1435 est
309 1401 557 1449 perpetuum
573 1426 582 1442 ‚
610 1409 693 1434 non
712 1393 861 1450 eripiat
877 1394 960 1441 alii,
978 1393 1091 1450 quod
1113 1393 1341 1450 temporale
1360 1400 1436 1435 est.

151 1463 268 1504 XIII.
292 1462 422 1504 Nemo
444 1463 569 1503 etiam
591 1463 629 1503 in
653 1464 749 1504 dolo
771 1464 968 1519 loquatur
982 1465 1032 1504 ad
1046 1463 1281 1520 proximum
1297 1477 1434 1505 suum.

92 1532 282 1588 Laqueus
302 1540 363 1573 est
386 1532 424 1572 in
446 1532 566 1573 labiis
582 1532 774 1580 nostris³‚
792 1541 833 1574 et
850 1548 958 1590 saepe
979 1533 1264 1589 unusquisque
1283 1547 1438 1575 sermo-

94 1603 216 1643 nibus
238 1604 320 1644 suis
344 1617 428 1643 non
453 1602 708 1659 explicatur,
734 1604 808 1644 sed
841 1603 1078 1645 involvitur.
1106 1604 1243 1645 Fovea
1272 1604 1350 1644 alta
1376 1611 1441 1645 est

94 1672 376 1727 os‘malevoli4
397 1687 405 1713 ε
427 1674 583 1728 grande
603 1672 852 1714 innocentiae
879 1674 1157 1730 praeeipitiulm
1180 1705 1189 1721 ,
1213 1675 1285 1715 sed
1307 1672 1443 1729 majus

94 1742 408 1784 malevolentire.
432 1744 641 1783 Innocens
664 1744 764 1783 dum
795 1743 930 1784 credit
953 1743 1116 1790 sacile⁵,
1143 1743 1227 1784 cito
1250 1742 1406 1784 labitur
1427 1776 1436 1791 ‚

94 1814 166 1854 sed
193 1822 331 1854 tamen
363 1813 440 1854 iste
459 1814 597 1869 lapsus
622 1813 801 1869 resurgit
826 1826 836 1853 t
859 1813 1089 1854 maledicus
1113 1823 1251 1855 autem
1273 1814 1356 1855 suis
1380 1830 1444 1855 ar-

95 1885 204 1925 tibus
243 1883 552 1940 praecipitatur,
583 1884 695 1923 unde
721 1898 935 1939 nunquam
960 1884 1099 1925 exiliat
1122 1894 1246 1940 atque
1273 1886 1436 1927 evadat.

92 1954 299 1996 Ponderet
337 1969 436 2009 ergo
469 1954 759 2009 unusquisque
795 1969 1009 1995 sermones
1045 1970 1141 1995 suos
1162 1987 1172 2002 ,
1213 1970 1298 1997 non
1343 1971 1440 1997 eum

94 2025 239 2066 fraude
258 2033 299 2066 et
321 2026 415 2066 dolo
433 2039 441 2065 τ
460 2024 645 2066 «Statera
666 2024 1089 2081 sallaximprobabilis
1109 2027 1219 2082 apud
1236 2025 1430 2068 Deum⁶:»

94 2111 177 2137 non
206 2097 318 2137 illam
338 2103 533 2137 stateram
554 2096 647 2137 dico
664 2128 673 2143 ,
708 2110 799 2151 quae
820 2110 1007 2141 mercem
1041 2096 1241 2153 appendit
1263 2096 1442 2139 alienam
1476 2120 1486 2127 ·
1519 2116 1521 2123 ·

850 2143 987 2158 ργρ-Ἀ

100 2166 166 2221 (et
188 2165 227 2206 in
248 2166 396 2207 vilibus
415 2166 583 2221 quidem
607 2166 734 2207 rebus
753 2179 850 2213 caro
873 2173 1038 2207 constat
1052 2165 1250 2220 fallacia),
1272 2166 1344 2206 sed
1365 2173 1444 2207 sta·
1478 2207 1491 2210 ,,

95 2245 180 2278 tera
204 2237 430 2278 verborum
455 2235 541 2293 ipsa
564 2237 674 2292 apud
691 2236 826 2276 Deum
849 2243 912 2277 est
934 2235 1204 2282 execrabilis,
1228 2250 1320 2292 quae
1334 2251 1443 2295 ρῳ),-
1489 2250 1491 2253 ·

94 2307 228 2365 tendit
263 2307 428 2364 pondus
469 2306 682 2363 gravitatis
705 2306 877 2354 sobriae,
914 2313 956 2347 et
999 2306 1211 2348 subnectit
1238 2305 1440 2349 versutias
1481 2330 1492 2365 ³.
1515 2324 1564 2341 1·‘÷
1720 2345 1753 2366 'A’

95 2377 398 2419 fraudulentiae.
428 2376 518 2418 Hoc
541 2377 721 2418 maxime
745 2378 1002 2418 condemnat
1023 2364 1162 2426 bens,
1187 2376 1219 2418 si
1259 2377 1439 2435 decipiat
1493 2377 1495 2380 ’

32 2501 37 2505 x
95 2447 240 2504 aliquis
262 2446 499 2503 proximum
523 2461 644 2488 suum
668 2447 970 2504 promissorum
984 2447 1243 2504 benignitate
1257 2479 1268 2496 ,
1285 2455 1327 2488 et
1347 2447 1442 2488 sub-

139 2556 148 2571 ·
167 2551 244 2582 Luc.
265 2560 319 2587 xv,
339 2561 384 2592 ¹7·
403 2568 442 2574 —
462 2559 474 2574 ·
496 2549 578 2582 lbid.
604 2561 648 2593 ¹9·
669 2565 709 2576 -ι
727 2551 740 2574 ³
755 2550 850 2583 Prov.
864 2559 908 2589 vt,
925 2560 953 2581 2.
976 2564 1015 2574 —
1031 2547 1113 2581 ⁴1d.
1132 2559 1213 2588 xxii,
1235 2547 1284 2587 14.
1303 2565 1343 2574 --
1358 2548 1442 2581 ⁵1d.

96 2604 286 2642 xiv,15.—-
301 2604 315 2624 ⁶
334 2603 384 2636 ld.
405 2613 498 2640 11‚1.
