<?xml version="1.0" encoding="UTF-8"?>
<!DOCTYPE html PUBLIC "-//W3C//DTD XHTML 1.0 Transitional//EN"
    "http://www.w3.org/TR/xhtml1/DTD/xhtml1-transitional.dtd">
<html xmlns="http://www.w3.org/1999/xhtml" xml:lang="en" lang="en">
 <head>
  <title>
</title>
<meta http-equiv="Content-Type" content="text/html;charset=utf-8" />
  <meta name='ocr-system' content='tesseract 3.04.00' />
  <meta name='ocr-capabilities' content='ocr_page ocr_carea ocr_par ocr_line ocrx_word'/>
</head>
<body>
  <div class='ocr_page' id='page_1' title='image "./omniaequaeextant08ambruoft_0075.png"; bbox 0 0 1774 3158; ppageno 0'>
   <div class='ocr_carea' id='block_1_1' title="bbox 1 2795 3 2827">
    <p class='ocr_par' dir='ltr' id='par_1_1' title="bbox 1 2795 3 2827">
     <span class='ocr_line' id='line_1_1' title="bbox 1 2795 3 2827; baseline 0 0"><span class='ocrx_word' id='word_1_1' title='bbox 1 2795 3 2827; x_wconf 63' lang='lat' dir='ltr'>t</span> 
     </span>
    </p>
   </div>
   <div class='ocr_carea' id='block_1_2' title="bbox 338 260 1401 321">
    <p class='ocr_par' dir='ltr' id='par_1_2' title="bbox 338 260 1401 321">
     <span class='ocr_line' id='line_1_2' title="bbox 338 260 1401 321; baseline 0.001 -16"><span class='ocrx_word' id='word_1_2' title='bbox 338 279 388 306; x_wconf 77' lang='lat' dir='ltr'>nn</span> <span class='ocrx_word' id='word_1_3' title='bbox 422 278 512 304; x_wconf 60' lang='lat' dir='ltr'>rnna</span> <span class='ocrx_word' id='word_1_4' title='bbox 546 272 906 310; x_wconf 78' lang='lat' dir='ltr'>RESURRECT10N15‚</span> <span class='ocrx_word' id='word_1_5' title='bbox 942 276 1021 304; x_wconf 77' lang='lat' dir='ltr'>mn.</span> <span class='ocrx_word' id='word_1_6' title='bbox 1062 277 1105 305; x_wconf 85' lang='lat'>11.</span> <span class='ocrx_word' id='word_1_7' title='bbox 1346 260 1401 321; x_wconf 88' lang='lat'>67</span> 
     </span>
    </p>
   </div>
   <div class='ocr_carea' id='block_1_3' title="bbox 67 354 1437 2523">
    <p class='ocr_par' dir='ltr' id='par_1_3' title="bbox 67 354 1410 1111">
     <span class='ocr_line' id='line_1_3' title="bbox 124 354 1405 412; baseline -0.002 -10"><span class='ocrx_word' id='word_1_8' title='bbox 124 356 394 401; x_wconf 82' lang='lat' dir='ltr'>LXXXVIII.</span> <span class='ocrx_word' id='word_1_9' title='bbox 431 355 482 396; x_wconf 90' lang='lat' dir='ltr'>Et</span> <span class='ocrx_word' id='word_1_10' title='bbox 523 355 611 396; x_wconf 80' lang='lat' dir='ltr'>haec</span> <span class='ocrx_word' id='word_1_11' title='bbox 642 363 704 395; x_wconf 89' lang='lat' dir='ltr'>est</span> <span class='ocrx_word' id='word_1_12' title='bbox 737 354 861 396; x_wconf 83' lang='lat' dir='ltr'>series</span> <span class='ocrx_word' id='word_1_13' title='bbox 899 362 940 395; x_wconf 86' lang='lat' dir='ltr'>et</span> <span class='ocrx_word' id='word_1_14' title='bbox 972 369 1096 396; x_wconf 84' lang='lat' dir='ltr'>causa</span> <span class='ocrx_word' id='word_1_15' title='bbox 1130 355 1322 412; x_wconf 84' lang='lat' dir='ltr'>justitiae,</span> <span class='ocrx_word' id='word_1_16' title='bbox 1358 366 1405 399; x_wconf 88' lang='lat' dir='ltr'>ut</span> 
     </span>
     <span class='ocr_line' id='line_1_4' title="bbox 67 424 1404 485; baseline 0 -16"><span class='ocrx_word' id='word_1_17' title='bbox 67 428 261 485; x_wconf 85' lang='lat' dir='ltr'>quoniam</span> <span class='ocrx_word' id='word_1_18' title='bbox 283 424 468 481; x_wconf 83' lang='lat' dir='ltr'>corporis</span> <span class='ocrx_word' id='word_1_19' title='bbox 481 424 690 479; x_wconf 79' lang='lat' dir='ltr'><strong>animique</strong></span> <span class='ocrx_word' id='word_1_20' title='bbox 708 424 943 465; x_wconf 88' lang='lat' dir='ltr'>communis</span> <span class='ocrx_word' id='word_1_21' title='bbox 960 432 1021 465; x_wconf 85' lang='lat' dir='ltr'>est</span> <span class='ocrx_word' id='word_1_22' title='bbox 1038 433 1153 466; x_wconf 80' lang='lat' dir='ltr'>actus</span> <span class='ocrx_word' id='word_1_23' title='bbox 1177 427 1296 482; x_wconf 83' lang='lat' dir='ltr'>(quia</span> <span class='ocrx_word' id='word_1_24' title='bbox 1313 443 1404 484; x_wconf 64' lang='lat' dir='ltr'>quse</span> 
     </span>
     <span class='ocr_line' id='line_1_5' title="bbox 69 494 1403 553; baseline 0.001 -13"><span class='ocrx_word' id='word_1_25' title='bbox 69 499 229 541; x_wconf 88' lang='lat' dir='ltr'>animus</span> <span class='ocrx_word' id='word_1_26' title='bbox 267 495 483 553; x_wconf 84' lang='lat' dir='ltr'>cogitavit,</span> <span class='ocrx_word' id='word_1_27' title='bbox 520 509 671 551; x_wconf 86' lang='lat' dir='ltr'>corpus</span> <span class='ocrx_word' id='word_1_28' title='bbox 708 494 1174 551; x_wconf 83' lang='lat' dir='ltr'>effecit)utrumquein</span> <span class='ocrx_word' id='word_1_29' title='bbox 1197 496 1403 553; x_wconf 87' lang='lat' dir='ltr'>judicium</span> 
     </span>
     <span class='ocr_line' id='line_1_6' title="bbox 71 565 1406 622; baseline 0.001 -13"><span class='ocrx_word' id='word_1_30' title='bbox 71 569 219 616; x_wconf 84' lang='lat' dir='ltr'>veniat,</span> <span class='ocrx_word' id='word_1_31' title='bbox 241 575 466 621; x_wconf 81' lang='lat' dir='ltr'>utrumque</span> <span class='ocrx_word' id='word_1_32' title='bbox 490 573 557 606; x_wconf 83' lang='lat' dir='ltr'>aut</span> <span class='ocrx_word' id='word_1_33' title='bbox 581 580 715 621; x_wconf 76' lang='lat' dir='ltr'>poenae</span> <span class='ocrx_word' id='word_1_34' title='bbox 734 565 928 612; x_wconf 84' lang='lat' dir='ltr'>dedatur,</span> <span class='ocrx_word' id='word_1_35' title='bbox 955 573 1024 606; x_wconf 83' lang='lat' dir='ltr'>aut</span> <span class='ocrx_word' id='word_1_36' title='bbox 1050 566 1189 622; x_wconf 84' lang='lat' dir='ltr'>gloriae</span> <span class='ocrx_word' id='word_1_37' title='bbox 1222 583 1406 611; x_wconf 86' lang='lat' dir='ltr'>reserve-</span> 
     </span>
     <span class='ocr_line' id='line_1_7' title="bbox 71 634 1407 692; baseline 0.001 -14"><span class='ocrx_word' id='word_1_38' title='bbox 71 647 148 678; x_wconf 87' lang='lat' dir='ltr'>tur.</span> <span class='ocrx_word' id='word_1_39' title='bbox 180 636 282 678; x_wconf 79' lang='lat' dir='ltr'>Num</span> <span class='ocrx_word' id='word_1_40' title='bbox 315 636 619 692; x_wconf 78' lang='lat' dir='ltr'><strong>propemodum</strong></span> <span class='ocrx_word' id='word_1_41' title='bbox 645 635 874 675; x_wconf 86' lang='lat' dir='ltr'>absurdum</span> <span class='ocrx_word' id='word_1_42' title='bbox 887 634 1066 683; x_wconf 88' lang='lat' dir='ltr'>videtur,</span> <span class='ocrx_word' id='word_1_43' title='bbox 1095 644 1139 676; x_wconf 91' lang='lat' dir='ltr'>ut</span> <span class='ocrx_word' id='word_1_44' title='bbox 1161 651 1257 678; x_wconf 83' lang='lat' dir='ltr'>cum</span> <span class='ocrx_word' id='word_1_45' title='bbox 1280 639 1407 681; x_wconf 80' lang='lat' dir='ltr'>animi</span> 
     </span>
     <span class='ocr_line' id='line_1_8' title="bbox 67 705 1406 762; baseline 0.001 -14"><span class='ocrx_word' id='word_1_46' title='bbox 67 708 199 762; x_wconf 82' lang='lat' dir='ltr'>legem</span> <span class='ocrx_word' id='word_1_47' title='bbox 222 708 285 747; x_wconf 81' lang='lat' dir='ltr'>lex</span> <span class='ocrx_word' id='word_1_48' title='bbox 309 705 442 747; x_wconf 85' lang='lat' dir='ltr'>carnis</span> <span class='ocrx_word' id='word_1_49' title='bbox 458 705 690 760; x_wconf 80' lang='lat' dir='ltr'>impugnet,</span> <span class='ocrx_word' id='word_1_50' title='bbox 710 713 751 745; x_wconf 85' lang='lat' dir='ltr'>ct</span> <span class='ocrx_word' id='word_1_51' title='bbox 774 705 1152 760; x_wconf 85' lang='lat' dir='ltr'>mensplerumque</span> <span class='ocrx_word' id='word_1_52' title='bbox 1172 707 1285 762; x_wconf 88' lang='lat' dir='ltr'>quod</span> <span class='ocrx_word' id='word_1_53' title='bbox 1303 708 1406 756; x_wconf 84' lang='lat' dir='ltr'>odit,</span> 
     </span>
     <span class='ocr_line' id='line_1_9' title="bbox 69 774 1409 831; baseline 0.001 -14"><span class='ocrx_word' id='word_1_54' title='bbox 69 776 148 818; x_wconf 86' lang='lat' dir='ltr'>hoc</span> <span class='ocrx_word' id='word_1_55' title='bbox 167 775 302 823; x_wconf 82' lang='lat' dir='ltr'>faciat,</span> <span class='ocrx_word' id='word_1_56' title='bbox 323 776 488 830; x_wconf 75' lang='lat' dir='ltr'>quando</span> <span class='ocrx_word' id='word_1_57' title='bbox 510 774 750 815; x_wconf 67' lang='lat' dir='ltr'>inhabitans</span> <span class='ocrx_word' id='word_1_58' title='bbox 773 774 814 815; x_wconf 93' lang='lat' dir='ltr'>in</span> <span class='ocrx_word' id='word_1_59' title='bbox 832 774 1005 815; x_wconf 86' lang='lat' dir='ltr'>homine</span> <span class='ocrx_word' id='word_1_60' title='bbox 1027 783 1245 831; x_wconf 82' lang='lat' dir='ltr'>peccatum</span> <span class='ocrx_word' id='word_1_61' title='bbox 1273 777 1409 820; x_wconf 77' lang='lat' dir='ltr'>carnis</span> 
     </span>
     <span class='ocr_line' id='line_1_10' title="bbox 70 843 1409 905; baseline 0.001 -18"><span class='ocrx_word' id='word_1_62' title='bbox 70 854 287 902; x_wconf 62' lang='lat' dir='ltr'>operatum</span> <span class='ocrx_word' id='word_1_63' title='bbox 310 844 470 885; x_wconf 82' lang='lat' dir='ltr'>animus</span> <span class='ocrx_word' id='word_1_64' title='bbox 507 844 710 884; x_wconf 80' lang='lat' dir='ltr'>subdatur</span> <span class='ocrx_word' id='word_1_65' title='bbox 738 843 899 900; x_wconf 85' lang='lat' dir='ltr'>injuriae</span> <span class='ocrx_word' id='word_1_66' title='bbox 938 844 1080 886; x_wconf 86' lang='lat' dir='ltr'>alienae</span> <span class='ocrx_word' id='word_1_67' title='bbox 1112 860 1207 887; x_wconf 86' lang='lat' dir='ltr'>reus</span> <span class='ocrx_word' id='word_1_68' title='bbox 1251 847 1409 905; x_wconf 66' lang='lat' dir='ltr'>cuspae,</span> 
     </span>
     <span class='ocr_line' id='line_1_11' title="bbox 71 914 1409 971; baseline 0.002 -15"><span class='ocrx_word' id='word_1_69' title='bbox 71 929 165 956; x_wconf 79' lang='lat' dir='ltr'>caro</span> <span class='ocrx_word' id='word_1_70' title='bbox 184 914 321 970; x_wconf 84' lang='lat' dir='ltr'>quiete</span> <span class='ocrx_word' id='word_1_71' title='bbox 339 914 523 971; x_wconf 79' lang='lat' dir='ltr'>potiatur</span> <span class='ocrx_word' id='word_1_72' title='bbox 554 922 701 955; x_wconf 82' lang='lat' dir='ltr'>auctor</span> <span class='ocrx_word' id='word_1_73' title='bbox 731 929 956 955; x_wconf 81' lang='lat' dir='ltr'>aerumnae:</span> <span class='ocrx_word' id='word_1_74' title='bbox 984 923 1025 956; x_wconf 86' lang='lat' dir='ltr'>et</span> <span class='ocrx_word' id='word_1_75' title='bbox 1053 916 1163 957; x_wconf 87' lang='lat' dir='ltr'>solus</span> <span class='ocrx_word' id='word_1_76' title='bbox 1189 923 1409 966; x_wconf 82' lang='lat' dir='ltr'>atteratur,</span> 
     </span>
     <span class='ocr_line' id='line_1_12' title="bbox 72 983 1410 1043; baseline 0.004 -18"><span class='ocrx_word' id='word_1_77' title='bbox 72 983 140 1041; x_wconf 90' lang='lat' dir='ltr'>qui</span> <span class='ocrx_word' id='word_1_78' title='bbox 167 998 250 1025; x_wconf 86' lang='lat' dir='ltr'>non</span> <span class='ocrx_word' id='word_1_79' title='bbox 265 985 375 1024; x_wconf 89' lang='lat' dir='ltr'>solus</span> <span class='ocrx_word' id='word_1_80' title='bbox 398 983 550 1024; x_wconf 81' lang='lat' dir='ltr'>erravit</span> <span class='ocrx_word' id='word_1_81' title='bbox 575 999 583 1024; x_wconf 92' lang='lat'>:</span> <span class='ocrx_word' id='word_1_82' title='bbox 612 992 681 1025; x_wconf 79' lang='lat' dir='ltr'>aut</span> <span class='ocrx_word' id='word_1_83' title='bbox 699 984 810 1026; x_wconf 91' lang='lat' dir='ltr'>solus</span> <span class='ocrx_word' id='word_1_84' title='bbox 831 984 1158 1041; x_wconf 80' lang='lat' dir='ltr'>gloriamreserat</span> <span class='ocrx_word' id='word_1_85' title='bbox 1176 1018 1186 1037; x_wconf 86' lang='lat'>‚</span> <span class='ocrx_word' id='word_1_86' title='bbox 1212 987 1282 1043; x_wconf 90' lang='lat' dir='ltr'>qui</span> <span class='ocrx_word' id='word_1_87' title='bbox 1326 1004 1410 1030; x_wconf 88' lang='lat' dir='ltr'>nou</span> 
     </span>
     <span class='ocr_line' id='line_1_13' title="bbox 72 1054 579 1111; baseline 0 -15"><span class='ocrx_word' id='word_1_88' title='bbox 72 1057 182 1097; x_wconf 89' lang='lat' dir='ltr'>solus</span> <span class='ocrx_word' id='word_1_89' title='bbox 205 1055 346 1111; x_wconf 84' lang='lat' dir='ltr'>gratiae</span> <span class='ocrx_word' id='word_1_90' title='bbox 371 1054 579 1096; x_wconf 75' lang='lat' dir='ltr'>militavit.</span> 
     </span>
    </p>

    <p class='ocr_par' dir='ltr' id='par_1_4' title="bbox 75 1124 1432 2237">
     <span class='ocr_line' id='line_1_14' title="bbox 128 1124 1420 1185; baseline 0.002 -18"><span class='ocrx_word' id='word_1_91' title='bbox 128 1125 366 1167; x_wconf 79' lang='lat' dir='ltr'>LXXXIX.</span> <span class='ocrx_word' id='word_1_92' title='bbox 406 1124 552 1172; x_wconf 83' lang='lat' dir='ltr'>Plena,</span> <span class='ocrx_word' id='word_1_93' title='bbox 580 1124 619 1165; x_wconf 88' lang='lat' dir='ltr'>ni</span> <span class='ocrx_word' id='word_1_94' title='bbox 647 1124 781 1174; x_wconf 81' lang='lat' dir='ltr'>fallor,</span> <span class='ocrx_word' id='word_1_95' title='bbox 806 1133 848 1166; x_wconf 90' lang='lat' dir='ltr'>et</span> <span class='ocrx_word' id='word_1_96' title='bbox 875 1124 984 1181; x_wconf 81' lang='lat' dir='ltr'>justa</span> <span class='ocrx_word' id='word_1_97' title='bbox 1007 1126 1138 1168; x_wconf 84' lang='lat' dir='ltr'>ratio:</span> <span class='ocrx_word' id='word_1_98' title='bbox 1165 1129 1237 1169; x_wconf 83' lang='lat' dir='ltr'>sed</span> <span class='ocrx_word' id='word_1_99' title='bbox 1258 1143 1334 1185; x_wconf 84' lang='lat' dir='ltr'>ego</span> <span class='ocrx_word' id='word_1_100' title='bbox 1358 1144 1420 1170; x_wconf 83' lang='lat' dir='ltr'>ra·</span> 
     </span>
     <span class='ocr_line' id='line_1_15' title="bbox 76 1196 1421 1254; baseline 0.001 -15"><span class='ocrx_word' id='word_1_101' title='bbox 76 1198 230 1239; x_wconf 83' lang='lat' dir='ltr'>tionem</span> <span class='ocrx_word' id='word_1_102' title='bbox 251 1213 270 1237; x_wconf 82' lang='lat' dir='ltr'>a</span> <span class='ocrx_word' id='word_1_103' title='bbox 299 1196 468 1237; x_wconf 87' lang='lat' dir='ltr'>Christo</span> <span class='ocrx_word' id='word_1_104' title='bbox 492 1212 583 1238; x_wconf 71' lang='lat' dir='ltr'>non</span> <span class='ocrx_word' id='word_1_105' title='bbox 606 1197 738 1254; x_wconf 80' lang='lat' dir='ltr'><strong>exigo,</strong></span> <span class='ocrx_word' id='word_1_106' title='bbox 775 1197 817 1238; x_wconf 88' lang='lat' dir='ltr'>Si</span> <span class='ocrx_word' id='word_1_107' title='bbox 844 1198 1003 1239; x_wconf 79' lang='lat' dir='ltr'>ratione</span> <span class='ocrx_word' id='word_1_108' title='bbox 1027 1198 1269 1247; x_wconf 85' lang='lat' dir='ltr'>convincor,</span> <span class='ocrx_word' id='word_1_109' title='bbox 1294 1199 1421 1242; x_wconf 84' lang='lat' dir='ltr'>fidem</span> 
     </span>
     <span class='ocr_line' id='line_1_16' title="bbox 75 1266 1424 1327; baseline 0.003 -20"><span class='ocrx_word' id='word_1_110' title='bbox 75 1269 224 1308; x_wconf 83' lang='lat' dir='ltr'>abnuo.</span> <span class='ocrx_word' id='word_1_111' title='bbox 260 1266 448 1308; x_wconf 77' lang='lat' dir='ltr'>Credidit</span> <span class='ocrx_word' id='word_1_112' title='bbox 470 1267 683 1308; x_wconf 77' lang='lat' dir='ltr'>Abraham</span> <span class='ocrx_word' id='word_1_113' title='bbox 710 1266 823 1308; x_wconf 73' lang='lat' dir='ltr'>Deo⁵</span> <span class='ocrx_word' id='word_1_114' title='bbox 850 1276 892 1309; x_wconf 87' lang='lat' dir='ltr'>et</span> <span class='ocrx_word' id='word_1_115' title='bbox 914 1283 988 1309; x_wconf 92' lang='lat' dir='ltr'>nos</span> <span class='ocrx_word' id='word_1_116' title='bbox 1011 1269 1253 1318; x_wconf 83' lang='lat' dir='ltr'>credamus;</span> <span class='ocrx_word' id='word_1_117' title='bbox 1285 1279 1332 1312; x_wconf 91' lang='lat' dir='ltr'>ut</span> <span class='ocrx_word' id='word_1_118' title='bbox 1353 1271 1424 1327; x_wconf 88' lang='lat' dir='ltr'>qui</span> 
     </span>
     <span class='ocr_line' id='line_1_17' title="bbox 76 1336 1427 1393; baseline 0.002 -14"><span class='ocrx_word' id='word_1_119' title='bbox 76 1353 217 1379; x_wconf 88' lang='lat' dir='ltr'>sumus</span> <span class='ocrx_word' id='word_1_120' title='bbox 243 1338 432 1393; x_wconf 80' lang='lat' dir='ltr'>generis,</span> <span class='ocrx_word' id='word_1_121' title='bbox 467 1337 592 1378; x_wconf 80' lang='lat' dir='ltr'>etiam</span> <span class='ocrx_word' id='word_1_122' title='bbox 627 1336 724 1378; x_wconf 79' lang='lat' dir='ltr'>fidei</span> <span class='ocrx_word' id='word_1_123' title='bbox 751 1337 880 1379; x_wconf 89' lang='lat' dir='ltr'>simus</span> <span class='ocrx_word' id='word_1_124' title='bbox 914 1338 1111 1380; x_wconf 84' lang='lat' dir='ltr'>haeredes.</span> <span class='ocrx_word' id='word_1_125' title='bbox 1160 1339 1348 1381; x_wconf 78' lang='lat' dir='ltr'>Credidit</span> <span class='ocrx_word' id='word_1_126' title='bbox 1385 1351 1427 1382; x_wconf 70' lang='lat' dir='ltr'>rt</span> 
     </span>
     <span class='ocr_line' id='line_1_18' title="bbox 76 1407 1424 1463; baseline 0.003 -15"><span class='ocrx_word' id='word_1_127' title='bbox 76 1407 227 1454; x_wconf 77' lang='lat' dir='ltr'>David,</span> <span class='ocrx_word' id='word_1_128' title='bbox 261 1414 429 1463; x_wconf 83' lang='lat' dir='ltr'>propter</span> <span class='ocrx_word' id='word_1_129' title='bbox 458 1408 571 1462; x_wconf 84' lang='lat' dir='ltr'>quod</span> <span class='ocrx_word' id='word_1_130' title='bbox 603 1415 643 1448; x_wconf 84' lang='lat' dir='ltr'>et</span> <span class='ocrx_word' id='word_1_131' title='bbox 674 1408 839 1449; x_wconf 88' lang='lat' dir='ltr'>loeutus</span> <span class='ocrx_word' id='word_1_132' title='bbox 863 1407 980 1448; x_wconf 74' lang='lat' dir='ltr'>est2&#39;:</span> <span class='ocrx_word' id='word_1_133' title='bbox 1010 1416 1051 1450; x_wconf 88' lang='lat' dir='ltr'>et</span> <span class='ocrx_word' id='word_1_134' title='bbox 1075 1422 1149 1450; x_wconf 85' lang='lat' dir='ltr'>nos</span> <span class='ocrx_word' id='word_1_135' title='bbox 1178 1410 1424 1460; x_wconf 80' lang='lat' dir='ltr'><strong>credamus,</strong></span> 
     </span>
     <span class='ocr_line' id='line_1_19' title="bbox 77 1475 1428 1534; baseline 0.004 -17"><span class='ocrx_word' id='word_1_136' title='bbox 77 1486 121 1518; x_wconf 91' lang='lat' dir='ltr'>ut</span> <span class='ocrx_word' id='word_1_137' title='bbox 161 1475 363 1533; x_wconf 86' lang='lat' dir='ltr'>possimus</span> <span class='ocrx_word' id='word_1_138' title='bbox 398 1477 534 1532; x_wconf 91' lang='lat' dir='ltr'>loqui,</span> <span class='ocrx_word' id='word_1_139' title='bbox 574 1477 751 1518; x_wconf 86' lang='lat' dir='ltr'>scientes</span> <span class='ocrx_word' id='word_1_140' title='bbox 794 1478 1019 1534; x_wconf 79' lang='lat' dir='ltr'>quoniam,</span> <span class='ocrx_word' id='word_1_141' title='bbox 1053 1496 1068 1516; x_wconf 85' lang='lat'>«</span> <span class='ocrx_word' id='word_1_142' title='bbox 1098 1479 1181 1530; x_wconf 89' lang='lat' dir='ltr'>Qui</span> <span class='ocrx_word' id='word_1_143' title='bbox 1213 1480 1428 1523; x_wconf 74' lang='lat' dir='ltr'>suscitavit</span> 
     </span>
     <span class='ocr_line' id='line_1_20' title="bbox 77 1547 1429 1595; baseline 0.004 -8"><span class='ocrx_word' id='word_1_144' title='bbox 77 1547 332 1588; x_wconf 89' lang='lat' dir='ltr'>»Dominum</span> <span class='ocrx_word' id='word_1_145' title='bbox 365 1547 511 1588; x_wconf 83' lang='lat' dir='ltr'>Jesum</span> <span class='ocrx_word' id='word_1_146' title='bbox 546 1547 787 1595; x_wconf 77' lang='lat' dir='ltr'>Christum,</span> <span class='ocrx_word' id='word_1_147' title='bbox 822 1557 862 1589; x_wconf 82' lang='lat' dir='ltr'>et</span> <span class='ocrx_word' id='word_1_148' title='bbox 892 1563 965 1589; x_wconf 88' lang='lat' dir='ltr'>nos</span> <span class='ocrx_word' id='word_1_149' title='bbox 997 1564 1093 1590; x_wconf 87' lang='lat' dir='ltr'>cum</span> <span class='ocrx_word' id='word_1_150' title='bbox 1124 1550 1222 1590; x_wconf 87' lang='lat' dir='ltr'>Jesu</span> <span class='ocrx_word' id='word_1_151' title='bbox 1252 1551 1429 1592; x_wconf 86' lang='lat' dir='ltr'>suscita-</span> 
     </span>
     <span class='ocr_line' id='line_1_21' title="bbox 79 1617 1424 1675; baseline 0.005 -18"><span class='ocrx_word' id='word_1_152' title='bbox 79 1637 93 1657; x_wconf 90' lang='lat'>»</span> <span class='ocrx_word' id='word_1_153' title='bbox 107 1619 165 1659; x_wconf 90' lang='lat' dir='ltr'>bit</span> <span class='ocrx_word' id='word_1_154' title='bbox 178 1617 208 1659; x_wconf 73' lang='lat'>³.</span> <span class='ocrx_word' id='word_1_155' title='bbox 236 1637 250 1656; x_wconf 91' lang='lat'>»</span> <span class='ocrx_word' id='word_1_156' title='bbox 265 1618 352 1659; x_wconf 86' lang='lat' dir='ltr'>Hoc</span> <span class='ocrx_word' id='word_1_157' title='bbox 369 1618 480 1658; x_wconf 89' lang='lat' dir='ltr'>enim</span> <span class='ocrx_word' id='word_1_158' title='bbox 499 1619 719 1675; x_wconf 87' lang='lat' dir='ltr'>promisit,</span> <span class='ocrx_word' id='word_1_159' title='bbox 734 1619 804 1674; x_wconf 89' lang='lat' dir='ltr'>qui</span> <span class='ocrx_word' id='word_1_160' title='bbox 823 1634 1037 1675; x_wconf 84' lang='lat' dir='ltr'>nunquam</span> <span class='ocrx_word' id='word_1_161' title='bbox 1053 1619 1270 1668; x_wconf 80' lang='lat' dir='ltr'>mentitur,</span> <span class='ocrx_word' id='word_1_162' title='bbox 1291 1621 1424 1665; x_wconf 86' lang='lat' dir='ltr'>Deus:</span> 
     </span>
     <span class='ocr_line' id='line_1_22' title="bbox 78 1687 1430 1744; baseline 0.004 -15"><span class='ocrx_word' id='word_1_163' title='bbox 78 1687 156 1729; x_wconf 87' lang='lat' dir='ltr'>hoc</span> <span class='ocrx_word' id='word_1_164' title='bbox 179 1687 369 1743; x_wconf 86' lang='lat' dir='ltr'>promisit</span> <span class='ocrx_word' id='word_1_165' title='bbox 395 1687 554 1730; x_wconf 80' lang='lat' dir='ltr'>Veritas</span> <span class='ocrx_word' id='word_1_166' title='bbox 583 1688 624 1729; x_wconf 90' lang='lat' dir='ltr'>in</span> <span class='ocrx_word' id='word_1_167' title='bbox 647 1688 873 1744; x_wconf 78' lang='lat' dir='ltr'>Evangelio</span> <span class='ocrx_word' id='word_1_168' title='bbox 901 1704 975 1730; x_wconf 91' lang='lat' dir='ltr'>suo</span> <span class='ocrx_word' id='word_1_169' title='bbox 1005 1687 1175 1730; x_wconf 87' lang='lat' dir='ltr'>dicens:</span> <span class='ocrx_word' id='word_1_170' title='bbox 1199 1708 1214 1728; x_wconf 74' lang='grc' dir='ltr'>α</span> <span class='ocrx_word' id='word_1_171' title='bbox 1236 1691 1335 1733; x_wconf 87' lang='lat' dir='ltr'>Haec</span> <span class='ocrx_word' id='word_1_172' title='bbox 1368 1701 1430 1734; x_wconf 85' lang='lat' dir='ltr'>est</span> 
     </span>
     <span class='ocr_line' id='line_1_23' title="bbox 79 1758 1425 1817; baseline 0.005 -20"><span class='ocrx_word' id='word_1_173' title='bbox 79 1777 92 1797; x_wconf 77' lang='lat' dir='ltr'><strong>n</strong></span> <span class='ocrx_word' id='word_1_174' title='bbox 108 1767 246 1800; x_wconf 80' lang='lat' dir='ltr'>autem</span> <span class='ocrx_word' id='word_1_175' title='bbox 269 1759 459 1799; x_wconf 80' lang='lat' dir='ltr'>voluntas</span> <span class='ocrx_word' id='word_1_176' title='bbox 481 1758 571 1814; x_wconf 86' lang='lat' dir='ltr'>ejus</span> <span class='ocrx_word' id='word_1_177' title='bbox 595 1759 665 1815; x_wconf 88' lang='lat' dir='ltr'>qui</span> <span class='ocrx_word' id='word_1_178' title='bbox 692 1759 804 1801; x_wconf 84' lang='lat' dir='ltr'>misit</span> <span class='ocrx_word' id='word_1_179' title='bbox 830 1775 917 1807; x_wconf 88' lang='lat' dir='ltr'>me,</span> <span class='ocrx_word' id='word_1_180' title='bbox 951 1768 994 1801; x_wconf 83' lang='lat' dir='ltr'>ut</span> <span class='ocrx_word' id='word_1_181' title='bbox 1018 1776 1143 1802; x_wconf 90' lang='lat' dir='ltr'>omne</span> <span class='ocrx_word' id='word_1_182' title='bbox 1165 1762 1280 1817; x_wconf 88' lang='lat' dir='ltr'>quod</span> <span class='ocrx_word' id='word_1_183' title='bbox 1311 1763 1425 1804; x_wconf 82' lang='lat' dir='ltr'>(ledit</span> 
     </span>
     <span class='ocr_line' id='line_1_24' title="bbox 79 1829 1432 1886; baseline 0.004 -17"><span class='ocrx_word' id='word_1_184' title='bbox 79 1847 93 1867; x_wconf 76' lang='grc' dir='ltr'><strong><em>ι</em></strong></span> <span class='ocrx_word' id='word_1_185' title='bbox 108 1829 209 1870; x_wconf 84' lang='lat' dir='ltr'>mihi</span> <span class='ocrx_word' id='word_1_186' title='bbox 224 1861 234 1876; x_wconf 92' lang='lat'>,</span> <span class='ocrx_word' id='word_1_187' title='bbox 261 1843 343 1869; x_wconf 88' lang='lat' dir='ltr'>non</span> <span class='ocrx_word' id='word_1_188' title='bbox 367 1830 540 1886; x_wconf 84' lang='lat' dir='ltr'>perdam</span> <span class='ocrx_word' id='word_1_189' title='bbox 563 1844 612 1870; x_wconf 88' lang='lat' dir='ltr'>ex</span> <span class='ocrx_word' id='word_1_190' title='bbox 635 1844 684 1870; x_wconf 89' lang='lat' dir='ltr'>eo</span> <span class='ocrx_word' id='word_1_191' title='bbox 703 1844 711 1870; x_wconf 91' lang='lat'>:</span> <span class='ocrx_word' id='word_1_192' title='bbox 737 1830 809 1871; x_wconf 88' lang='lat' dir='ltr'>sed</span> <span class='ocrx_word' id='word_1_193' title='bbox 829 1830 1074 1872; x_wconf 82' lang='lat' dir='ltr'>resuscitem</span> <span class='ocrx_word' id='word_1_194' title='bbox 1099 1830 1202 1872; x_wconf 90' lang='lat' dir='ltr'>illud</span> <span class='ocrx_word' id='word_1_195' title='bbox 1224 1831 1266 1873; x_wconf 92' lang='lat' dir='ltr'>in</span> <span class='ocrx_word' id='word_1_196' title='bbox 1289 1834 1432 1875; x_wconf 89' lang='lat' dir='ltr'>novis-</span> 
     </span>
     <span class='ocr_line' id='line_1_25' title="bbox 81 1899 1430 1956; baseline 0.005 -18"><span class='ocrx_word' id='word_1_197' title='bbox 81 1899 215 1940; x_wconf 66' lang='lat' dir='ltr'>»simo</span> <span class='ocrx_word' id='word_1_198' title='bbox 238 1899 346 1940; x_wconf 77' lang='lat' dir='ltr'>(lie&#39;&#39;.</span> <span class='ocrx_word' id='word_1_199' title='bbox 373 1917 387 1938; x_wconf 86' lang='lat'>»</span> <span class='ocrx_word' id='word_1_200' title='bbox 413 1899 498 1941; x_wconf 86' lang='lat' dir='ltr'>Nec</span> <span class='ocrx_word' id='word_1_201' title='bbox 528 1899 624 1941; x_wconf 83' lang='lat' dir='ltr'>satis</span> <span class='ocrx_word' id='word_1_202' title='bbox 652 1900 813 1956; x_wconf 83' lang='lat' dir='ltr'>putavit</span> <span class='ocrx_word' id='word_1_203' title='bbox 838 1902 966 1942; x_wconf 86' lang='lat' dir='ltr'>semel</span> <span class='ocrx_word' id='word_1_204' title='bbox 994 1901 1168 1951; x_wconf 80' lang='lat' dir='ltr'>dixisse,</span> <span class='ocrx_word' id='word_1_205' title='bbox 1200 1904 1273 1944; x_wconf 82' lang='lat' dir='ltr'>sed</span> <span class='ocrx_word' id='word_1_206' title='bbox 1302 1904 1430 1947; x_wconf 85' lang='lat' dir='ltr'>etiam</span> 
     </span>
     <span class='ocr_line' id='line_1_26' title="bbox 81 1969 1429 2027; baseline 0.003 -16"><span class='ocrx_word' id='word_1_207' title='bbox 81 1969 256 2026; x_wconf 80' lang='lat' dir='ltr'>repetita</span> <span class='ocrx_word' id='word_1_208' title='bbox 288 1970 552 2026; x_wconf 74' lang='lat' dir='ltr'>expressione</span> <span class='ocrx_word' id='word_1_209' title='bbox 580 1970 778 2027; x_wconf 80' lang='lat' dir='ltr'>signavit3</span> <span class='ocrx_word' id='word_1_210' title='bbox 814 1970 872 2011; x_wconf 89' lang='lat' dir='ltr'>sic</span> <span class='ocrx_word' id='word_1_211' title='bbox 903 1971 1014 2012; x_wconf 90' lang='lat' dir='ltr'>enim</span> <span class='ocrx_word' id='word_1_212' title='bbox 1043 1971 1232 2027; x_wconf 85' lang='lat' dir='ltr'>sequitur</span> <span class='ocrx_word' id='word_1_213' title='bbox 1251 2004 1262 2021; x_wconf 88' lang='lat'><strong><em>,</em></strong></span> <span class='ocrx_word' id='word_1_214' title='bbox 1291 1991 1305 2011; x_wconf 90' lang='lat'>«</span> <span class='ocrx_word' id='word_1_215' title='bbox 1331 1973 1429 2016; x_wconf 82' lang='lat' dir='ltr'>Haec</span> 
     </span>
     <span class='ocr_line' id='line_1_27' title="bbox 81 2040 1431 2100; baseline 0.004 -21"><span class='ocrx_word' id='word_1_216' title='bbox 81 2049 172 2081; x_wconf 82' lang='lat' dir='ltr'>»est</span> <span class='ocrx_word' id='word_1_217' title='bbox 189 2040 299 2080; x_wconf 88' lang='lat' dir='ltr'>enim</span> <span class='ocrx_word' id='word_1_218' title='bbox 321 2040 509 2081; x_wconf 83' lang='lat' dir='ltr'>voluntas</span> <span class='ocrx_word' id='word_1_219' title='bbox 526 2040 655 2082; x_wconf 80' lang='lat' dir='ltr'>Patris</span> <span class='ocrx_word' id='word_1_220' title='bbox 680 2041 785 2088; x_wconf 83' lang='lat' dir='ltr'>mei,</span> <span class='ocrx_word' id='word_1_221' title='bbox 807 2040 876 2096; x_wconf 88' lang='lat' dir='ltr'>qui</span> <span class='ocrx_word' id='word_1_222' title='bbox 895 2040 1005 2081; x_wconf 84' lang='lat' dir='ltr'>misit</span> <span class='ocrx_word' id='word_1_223' title='bbox 1026 2055 1094 2082; x_wconf 90' lang='lat' dir='ltr'>me</span> <span class='ocrx_word' id='word_1_224' title='bbox 1110 2073 1120 2089; x_wconf 87' lang='lat'><em>,</em></span> <span class='ocrx_word' id='word_1_225' title='bbox 1140 2049 1185 2082; x_wconf 89' lang='lat' dir='ltr'>ut</span> <span class='ocrx_word' id='word_1_226' title='bbox 1203 2043 1339 2084; x_wconf 78' lang='lat' dir='ltr'>omnis</span> <span class='ocrx_word' id='word_1_227' title='bbox 1359 2044 1431 2100; x_wconf 92' lang='lat' dir='ltr'>qui</span> 
     </span>
     <span class='ocr_line' id='line_1_28' title="bbox 82 2110 1430 2165; baseline 0.005 -17"><span class='ocrx_word' id='word_1_228' title='bbox 82 2131 96 2149; x_wconf 86' lang='lat'>»</span> <span class='ocrx_word' id='word_1_229' title='bbox 112 2111 222 2152; x_wconf 82' lang='lat' dir='ltr'>videt</span> <span class='ocrx_word' id='word_1_230' title='bbox 243 2110 396 2152; x_wconf 86' lang='lat' dir='ltr'>Filium</span> <span class='ocrx_word' id='word_1_231' title='bbox 413 2142 422 2157; x_wconf 90' lang='lat'><strong>,</strong></span> <span class='ocrx_word' id='word_1_232' title='bbox 447 2118 487 2151; x_wconf 88' lang='lat' dir='ltr'>et</span> <span class='ocrx_word' id='word_1_233' title='bbox 505 2111 639 2152; x_wconf 87' lang='lat' dir='ltr'>credit</span> <span class='ocrx_word' id='word_1_234' title='bbox 656 2110 697 2151; x_wconf 90' lang='lat' dir='ltr'>in</span> <span class='ocrx_word' id='word_1_235' title='bbox 721 2125 839 2158; x_wconf 88' lang='lat' dir='ltr'>eum,</span> <span class='ocrx_word' id='word_1_236' title='bbox 871 2110 1024 2152; x_wconf 78' lang='lat' dir='ltr'>habeat</span> <span class='ocrx_word' id='word_1_237' title='bbox 1053 2110 1179 2153; x_wconf 83' lang='lat' dir='ltr'>vitam</span> <span class='ocrx_word' id='word_1_238' title='bbox 1205 2121 1402 2156; x_wconf 85' lang='lat' dir='ltr'>aeternam</span> <span class='ocrx_word' id='word_1_239' title='bbox 1418 2148 1430 2165; x_wconf 88' lang='lat'><em>,</em></span> 
     </span>
     <span class='ocr_line' id='line_1_29' title="bbox 83 2180 1120 2237; baseline 0 -17"><span class='ocrx_word' id='word_1_240' title='bbox 83 2199 98 2220; x_wconf 76' lang='grc' dir='ltr'>ι)</span> <span class='ocrx_word' id='word_1_241' title='bbox 113 2188 153 2222; x_wconf 87' lang='lat' dir='ltr'>et</span> <span class='ocrx_word' id='word_1_242' title='bbox 170 2195 246 2237; x_wconf 81' lang='lat' dir='ltr'>ego</span> <span class='ocrx_word' id='word_1_243' title='bbox 263 2180 522 2221; x_wconf 84' lang='lat' dir='ltr'>resuscitabo</span> <span class='ocrx_word' id='word_1_244' title='bbox 537 2195 632 2221; x_wconf 86' lang='lat' dir='ltr'>eum</span> <span class='ocrx_word' id='word_1_245' title='bbox 652 2180 694 2221; x_wconf 89' lang='lat' dir='ltr'>iu</span> <span class='ocrx_word' id='word_1_246' title='bbox 717 2180 942 2222; x_wconf 88' lang='lat' dir='ltr'>novissimo</span> <span class='ocrx_word' id='word_1_247' title='bbox 966 2180 1075 2223; x_wconf 87' lang='lat' dir='ltr'>die⁵.</span> <span class='ocrx_word' id='word_1_248' title='bbox 1105 2200 1120 2221; x_wconf 91' lang='lat'>»</span> 
     </span>
    </p>

    <p class='ocr_par' dir='ltr' id='par_1_5' title="bbox 86 2250 1437 2523">
     <span class='ocr_line' id='line_1_30' title="bbox 143 2250 1435 2312; baseline 0.003 -18"><span class='ocrx_word' id='word_1_249' title='bbox 143 2250 234 2294; x_wconf 90' lang='lat' dir='ltr'>XC.</span> <span class='ocrx_word' id='word_1_250' title='bbox 272 2251 376 2302; x_wconf 87' lang='lat' dir='ltr'>Quis</span> <span class='ocrx_word' id='word_1_251' title='bbox 406 2251 487 2293; x_wconf 91' lang='lat' dir='ltr'>hoc</span> <span class='ocrx_word' id='word_1_252' title='bbox 520 2250 654 2292; x_wconf 72' lang='lat' dir='ltr'>dicit?</span> <span class='ocrx_word' id='word_1_253' title='bbox 688 2252 839 2307; x_wconf 88' lang='lat' dir='ltr'>Utique</span> <span class='ocrx_word' id='word_1_254' title='bbox 869 2252 900 2292; x_wconf 88' lang='lat' dir='ltr'>is</span> <span class='ocrx_word' id='word_1_255' title='bbox 927 2252 997 2308; x_wconf 89' lang='lat' dir='ltr'>qui</span> <span class='ocrx_word' id='word_1_256' title='bbox 1030 2261 1222 2296; x_wconf 85' lang='lat' dir='ltr'>mortuus</span> <span class='ocrx_word' id='word_1_257' title='bbox 1254 2256 1435 2312; x_wconf 83' lang='lat' dir='ltr'>plurima</span> 
     </span>
     <span class='ocr_line' id='line_1_31' title="bbox 87 2319 1436 2377; baseline 0.005 -16"><span class='ocrx_word' id='word_1_258' title='bbox 87 2319 381 2362; x_wconf 84' lang='lat' dir='ltr'>defunctorum</span> <span class='ocrx_word' id='word_1_259' title='bbox 415 2335 592 2377; x_wconf 82' lang='lat' dir='ltr'>corpora</span> <span class='ocrx_word' id='word_1_260' title='bbox 628 2321 854 2363; x_wconf 84' lang='lat' dir='ltr'>suscitavit.</span> <span class='ocrx_word' id='word_1_261' title='bbox 896 2321 939 2363; x_wconf 89' lang='lat' dir='ltr'>Si</span> <span class='ocrx_word' id='word_1_262' title='bbox 962 2322 1049 2363; x_wconf 93' lang='lat' dir='ltr'>Deo</span> <span class='ocrx_word' id='word_1_263' title='bbox 1082 2339 1166 2365; x_wconf 87' lang='lat' dir='ltr'>nou</span> <span class='ocrx_word' id='word_1_264' title='bbox 1190 2326 1436 2368; x_wconf 72' lang='lat' dir='ltr'>credimus?</span> 
     </span>
     <span class='ocr_line' id='line_1_32' title="bbox 86 2390 1435 2453; baseline 0.004 -21"><span class='ocrx_word' id='word_1_265' title='bbox 86 2405 164 2432; x_wconf 89' lang='lat' dir='ltr'>nec</span> <span class='ocrx_word' id='word_1_266' title='bbox 196 2392 386 2448; x_wconf 86' lang='lat' dir='ltr'>exemplo</span> <span class='ocrx_word' id='word_1_267' title='bbox 427 2390 670 2433; x_wconf 75' lang='lat' dir='ltr'>credimus?</span> <span class='ocrx_word' id='word_1_268' title='bbox 703 2392 794 2434; x_wconf 84' lang='lat' dir='ltr'>Non</span> <span class='ocrx_word' id='word_1_269' title='bbox 825 2393 1034 2434; x_wconf 89' lang='lat' dir='ltr'>credimus</span> <span class='ocrx_word' id='word_1_270' title='bbox 1067 2395 1182 2450; x_wconf 88' lang='lat' dir='ltr'>quod</span> <span class='ocrx_word' id='word_1_271' title='bbox 1217 2397 1435 2453; x_wconf 85' lang='lat' dir='ltr'>promisit;</span> 
     </span>
     <span class='ocr_line' id='line_1_33' title="bbox 86 2462 1437 2523; baseline 0.006 -21"><span class='ocrx_word' id='word_1_272' title='bbox 86 2463 252 2517; x_wconf 83' lang='lat' dir='ltr'>quando</span> <span class='ocrx_word' id='word_1_273' title='bbox 281 2462 405 2503; x_wconf 84' lang='lat' dir='ltr'>etiam</span> <span class='ocrx_word' id='word_1_274' title='bbox 442 2463 558 2518; x_wconf 85' lang='lat' dir='ltr'>quod</span> <span class='ocrx_word' id='word_1_275' title='bbox 589 2478 673 2504; x_wconf 88' lang='lat' dir='ltr'>non</span> <span class='ocrx_word' id='word_1_276' title='bbox 707 2463 931 2520; x_wconf 89' lang='lat' dir='ltr'>promisit,</span> <span class='ocrx_word' id='word_1_277' title='bbox 966 2463 1142 2507; x_wconf 76' lang='lat' dir='ltr'>effecit?</span> <span class='ocrx_word' id='word_1_278' title='bbox 1177 2465 1271 2523; x_wconf 90' lang='lat' dir='ltr'>Ipse</span> <span class='ocrx_word' id='word_1_279' title='bbox 1296 2476 1437 2510; x_wconf 78' lang='lat' dir='ltr'>autem</span> 
     </span>
    </p>
   </div>
   <div class='ocr_carea' id='block_1_4' title="bbox 95 2552 1441 2648">
    <p class='ocr_par' dir='ltr' id='par_1_6' title="bbox 95 2552 1441 2648">
     <span class='ocr_line' id='line_1_34' title="bbox 139 2552 1441 2596; baseline 0.004 -13"><span class='ocrx_word' id='word_1_280' title='bbox 139 2558 148 2574; x_wconf 87' lang='lat'><em>¹</em></span> <span class='ocrx_word' id='word_1_281' title='bbox 167 2553 249 2583; x_wconf 81' lang='lat' dir='ltr'>Gen.</span> <span class='ocrx_word' id='word_1_282' title='bbox 280 2562 330 2588; x_wconf 66' lang='lat' dir='ltr'>xv,</span> <span class='ocrx_word' id='word_1_283' title='bbox 359 2552 390 2582; x_wconf 86' lang='lat'>6.</span> <span class='ocrx_word' id='word_1_284' title='bbox 409 2570 449 2575; x_wconf 90' lang='lat'><em>-</em></span> <span class='ocrx_word' id='word_1_285' title='bbox 469 2561 480 2574; x_wconf 84' lang='lat'><em>²</em></span> <span class='ocrx_word' id='word_1_286' title='bbox 502 2552 582 2583; x_wconf 75' lang='lat' dir='ltr'>Psai.</span> <span class='ocrx_word' id='word_1_287' title='bbox 608 2564 683 2593; x_wconf 75' lang='lat' dir='ltr'>cxv,</span> <span class='ocrx_word' id='word_1_288' title='bbox 713 2564 764 2586; x_wconf 85' lang='lat'>10.</span> <span class='ocrx_word' id='word_1_289' title='bbox 780 2572 819 2579; x_wconf 83' lang='lat'>--</span> <span class='ocrx_word' id='word_1_290' title='bbox 840 2555 854 2577; x_wconf 79' lang='lat'>³</span> <span class='ocrx_word' id='word_1_291' title='bbox 869 2565 885 2585; x_wconf 82' lang='lat'>2</span> <span class='ocrx_word' id='word_1_292' title='bbox 904 2554 983 2589; x_wconf 84' lang='lat' dir='ltr'>Cor.</span> <span class='ocrx_word' id='word_1_293' title='bbox 1010 2566 1053 2593; x_wconf 74' lang='lat' dir='ltr'>iv,</span> <span class='ocrx_word' id='word_1_294' title='bbox 1092 2556 1141 2594; x_wconf 66' lang='lat'>14.</span> <span class='ocrx_word' id='word_1_295' title='bbox 1170 2562 1202 2590; x_wconf 86' lang='lat' dir='ltr'>et</span> <span class='ocrx_word' id='word_1_296' title='bbox 1218 2557 1284 2590; x_wconf 85' lang='lat' dir='ltr'>Tit.</span> <span class='ocrx_word' id='word_1_297' title='bbox 1305 2569 1329 2596; x_wconf 90' lang='lat'>1,</span> <span class='ocrx_word' id='word_1_298' title='bbox 1349 2568 1378 2588; x_wconf 80' lang='lat'>2.</span> <span class='ocrx_word' id='word_1_299' title='bbox 1402 2573 1441 2582; x_wconf 86' lang='lat'><em>-</em></span> 
     </span>
     <span class='ocr_line' id='line_1_35' title="bbox 95 2605 620 2648; baseline -0.002 -8"><span class='ocrx_word' id='word_1_300' title='bbox 95 2610 108 2637; x_wconf 81' lang='grc'><strong>4</strong></span> <span class='ocrx_word' id='word_1_301' title='bbox 123 2609 272 2644; x_wconf 78' lang='lat' dir='ltr'>Joan.vi,</span> <span class='ocrx_word' id='word_1_302' title='bbox 290 2607 341 2648; x_wconf 84' lang='lat'>59.</span> <span class='ocrx_word' id='word_1_303' title='bbox 366 2624 400 2630; x_wconf 89' lang='lat'>--</span> <span class='ocrx_word' id='word_1_304' title='bbox 425 2608 437 2627; x_wconf 83' lang='lat'><strong>⁵</strong></span> <span class='ocrx_word' id='word_1_305' title='bbox 460 2605 546 2637; x_wconf 84' lang='lat' dir='ltr'>lbid.</span> <span class='ocrx_word' id='word_1_306' title='bbox 565 2606 620 2643; x_wconf 72' lang='grc'>40.</span> 
     </span>
    </p>
   </div>
   <div class='ocr_carea' id='block_1_5' title="bbox 1284 2666 1323 2708">
    <p class='ocr_par' dir='ltr' id='par_1_7' title="bbox 1284 2666 1323 2708">
     <span class='ocr_line' id='line_1_36' title="bbox 1284 2666 1323 2708; baseline 0.077 -3"><span class='ocrx_word' id='word_1_307' title='bbox 1284 2666 1323 2708; x_wconf 84' lang='lat'>5.</span> 
     </span>
    </p>
   </div>
  </div>
 </body>
</html>
