1774 3158
492 263 777 294 EPISTOLARUM
811 261 969 291 CLASSIS
1003 263 1030 288 1.
1368 261 1447 305 ²¹7

99 342 325 394 sociabile,
348 357 475 399 qnam
514 345 564 385 de
595 342 745 385 divinis
771 341 896 382 rebus
924 354 1165 382 sermonem
1196 339 1450 381 contexere?

157 412 209 454 ΙΙ.
248 414 318 455 Est
359 421 499 454 autem
546 413 768 454 dimidium
801 408 1062 457 didrachmi,
1099 409 1299 451 drachma
1342 423 1353 451 ε
1393 425 1455 451 re-

101 482 286 540 demptio
310 490 449 524 autem
480 482 650 531 animae,
676 482 779 523 fides
801 496 809 522 :
833 479 937 521 fides
960 494 1059 536 ergo
1080 479 1278 521 drachma
1295 512 1305 528 ,
1327 495 1452 536 quam

101 554 168 595 illa
192 554 342 595 mulier
368 553 408 594 in
430 553 678 610 Evangelio,
707 561 753 594 ut
783 551 986 609 legimus,
1014 550 1209 591 amissam
1234 550 1456 607 diligenter

102 622 301 679 requirit,
316 625 535 665 lucernam
555 617 861 670 accendens,ct
876 621 1084 662 mundans
1101 621 1271 661 domum
1291 620 1452 670 suam¹3

102 702 144 736 et
170 695 202 735 si
224 694 451 742 invenerit,
473 702 676 736 convocat
695 693 847 735 amicas
869 701 911 734 et
935 692 1092 733 vicinas
1115 699 1263 748 petens
1284 706 1457 748 congra-

102 765 225 807 tulari
248 781 315 807 eas
345 780 512 813 secum,
538 767 653 822 quod
675 765 882 807 invenerit
906 763 1156 805 drachmam
1172 795 1182 811 ‚
1209 777 1334 818 quam
1365 777 1460 819 pcr-

103 835 279 877 diderat.
321 836 518 893 Magnum
550 836 663 877 enim
705 837 905 878 damnum
947 834 1120 883 animae,
1152 833 1185 874 si
1217 834 1308 889 quis
1330 832 1457 875 fidem

105 906 311 955 amiserit,
346 909 411 949 vel
439 906 641 963 gratiam,
668 922 793 963 quam
827 906 924 948 fidei
948 905 1082 963 pretio
1114 904 1333 961 acquisivit
1355 905 1448 947 sihi.

104 977 156 1018 Et
174 985 217 1018 tu
240 992 339 1033 ergo
365 978 550 1019 accende
572 978 789 1019 lucernam
807 986 921 1019 tuam
945 992 987 1017 ει(
1002 975 1197 1017 Lucerna
1216 983 1285 1016 tua
1309 976 1456 1016 oculus

105 1055 230 1088 »tuus
255 1047 363 1095 est²‚
392 1065 407 1086 υ
447 1048 516 1088 ille
549 1047 710 1089 scilicet·
738 1047 912 1089 interior
949 1047 1096 1087 oculus
1131 1045 1296 1087 mentis.
1334 1046 1461 1086 Istam

104 1120 322 1160 lucernam
345 1119 553 1167 accende,
579 1133 670 1174 qnae
693 1118 846 1173 accipit
875 1119 1014 1159 oleum
1044 1116 1254 1173 spiritale,
1280 1125 1321 1158 et
1346 1117 1461 1157 lucet

104 1189 148 1229 in
164 1196 251 1229 tota
270 1189 394 1230 domo
417 1197 499 1231 tua.
519 1189 670 1239 Quaerc
693 1188 939 1229 drachmam
958 1187 1292 1243 redemptionem
1315 1187 1461 1229 animae

106 1266 210 1306 tuae,
226 1274 350 1316 quam
374 1261 444 1316 qui
469 1259 675 1307 amiserit,
698 1260 919 1301 turbatur:
940 1259 1011 1315 qui
1035 1258 1263 1305 invenerit,
1284 1259 1454 1300 exultat.

165 1331 237 1371 III.
275 1330 345 1371 Est
368 1338 411 1371 et
433 1330 666 1386 redemptio
689 1330 836 1371 animae
860 1329 1200 1377 misericordia³3
1227 1329 1460 1385 redemptio

107 1399 218 1440 enim
244 1399 389 1440 animae
413 1399 596 1440 hominis
633 1399 785 1441 divitiae
813 1400 930 1455 ojus,
961 1400 1114 1456 quihus
1139 1399 1285 1454 utique
1317 1397 1364 1439 fit
1386 1399 1463 1440 mi·

109 1470 333 1512 sericordia
351 1503 360 1518 ,
380 1485 472 1526 quae
495 1479 666 1526 sumptu
685 1485 892 1527 pauperes
911 1470 1042 1527 juvat.
1064 1470 1188 1511 Fides
1207 1469 1352 1525 igitur,
1374 1484 1464 1524 gra-

111 1540 187 1587 tia,
213 1539 523 1588 misericordia,
550 1541 786 1597 redemptio
820 1548 882 1582 est
913 1540 1083 1588 animae,
1109 1554 1199 1595 quae
1228 1539 1463 1588 dmmhmae,

111 1609 153 1650 id
174 1616 259 1658 est,
297 1609 461 1667 integro
492 1610 628 1667 pretio
663 1626 836 1652 summae
865 1610 1064 1667 plenioris
1096 1609 1359 1666 expenditur.
1397 1609 1466 1651 Sic

111 1679 222 1721 enim
253 1680 456 1737 scriptum
484 1689 568 1729 est,
609 1680 776 1722 dicente
806 1681 989 1722 Domino
1019 1681 1071 1721 ad
1093 1680 1264 1736 Moysen
1292 1695 1335 1720 :«
1359 1678 1466 1721 Cum

111 1750 354 1807 »acceperis
393 1750 756 1807 computationem
779 1750 963 1792 filiorum
1001 1751 1127 1792 Israel
1157 1750 1198 1790 in
1232 1748 1466 1791 visitatione

112 1820 328 1877 »ipsorum
348 1852 359 1868 ‚
386 1821 546 1861 dabunt
566 1820 717 1877 singuli
743 1821 1081 1876 redemptionem
1107 1819 1253 1860 animae
1276 1834 1358 1860 suae
1381 1819 1467 1861 Do-

113 1909 129 1930 »
144 1890 282 1938 mino,
303 1898 344 1932 et
367 1905 452 1931 non
475 1891 555 1932 erit
578 1890 619 1931 in
640 1889 705 1932 his
725 1891 847 1932 ruina
862 1923 872 1939 ,
902 1891 944 1932 in
968 1890 1205 1932 visitatione
1227 1903 1390 1930 eornm.
1417 1887 1471 1929 Et

114 1960 225 2001 »hoc
257 1968 320 2001 est
356 1961 468 2015 quod
496 1960 679 2008 dabunt,
703 1968 912 2017 quotquot
938 1959 1234 2017 perambulant
1264 1956 1469 1999 visitatio-

115 2044 264 2078 »nem,
288 2029 525 2071 didrachmi
551 2030 767 2072 dimidiam
792 2039 953 2087 partem
969 2063 979 2080 ‚
1012 2030 1125 2086 quod
1148 2037 1210 2069 est
1237 2028 1471 2068 secundum

116 2118 132 2139 »
147 2100 443 2142 didrachmum
481 2109 692 2142 sanctum.
729 2101 885 2158 Viginti
919 2100 1032 2143 oboli
1059 2098 1355 2141 didrachmum
1383 2113 1390 2138 :
1418 2098 1475 2139 di-

116 2170 275 2212 »midia
300 2178 440 2213 autem
473 2186 568 2227 pars
592 2171 828 2213 didrachmi
853 2171 982 2212 illatio
1005 2169 1201 2212 Domino.
1228 2168 1375 2209 Omnis
1400 2168 1471 2225 qui

117 2239 366 2282 »intraverit
387 2241 553 2283 visitare
576 2257 595 2282 a
615 2242 759 2298 viginti
781 2242 899 2282 annis
922 2249 963 2282 et
982 2255 1104 2297 supra
1119 2272 1128 2288 ‚
1150 2239 1311 2280 dabunt
1330 2238 1476 2279 illatio-

118 2330 132 2349 υ
148 2326 244 2352 nem
265 2311 460 2354 Domino.
486 2311 570 2362 Qui
590 2311 702 2353 dives
726 2320 788 2353 est
803 2344 812 2360 ,
832 2327 915 2353 non
937 2311 1107 2367 adjiciet
1131 2325 1139 2350 :
1165 2309 1294 2365 etqui
1317 2323 1477 2365 pauper

121 2390 237 2431 nest,
270 2397 354 2423 non
386 2382 664 2423 minorabitur
690 2399 708 2424 a
741 2383 912 2424 dimidia
942 2391 1059 2440 parte
1092 2380 1351 2427 didrachmi3
1379 2394 1475 2420 cum

121 2453 356 2510 »coeperint
377 2452 476 2494 dare
501 2453 760 2495 oblationem
788 2453 997 2499 Domino,
1023 2467 1195 2493 exorare
1226 2465 1300 2506 pro
1326 2450 1478 2491 anima-

123 2524 230 2564 »bus
255 2523 354 2564 suis.
382 2523 432 2564 Et
456 2523 638 2580 accipies
670 2525 892 2581 pecuniam
928 2523 1124 2565 illationis
1151 2536 1172 2562 a
1201 2520 1297 2562 filiis
1323 2520 1474 2567 Israel,

172 2623 180 2637 ¹
201 2614 277 2646 Luc.
293 2625 343 2651 xv,
361 2614 392 2651 8,
408 2619 542 2658 etseqq.
559 2623 622 2639 -2
646 2616 766 2649 Matth.
783 2627 826 2653 vi,
841 2627 891 2649 υ.
910 2634 950 2640 -
970 2618 983 2640 3
999 2617 1093 2648 Prov.
1114 2626 1185 2652 xm,
1201 2613 1233 2646 8.
