1774 3158
369 261 574 291 salmom-:s
606 261 758 289 RECENS
790 262 923 295 Ευιτι,
958 263 1084 291 samio
1119 264 1179 292 111.
1370 250 1444 292 151

107 340 332 397 »mysteria
361 339 527 386 omnia,
559 346 600 379 et
633 353 801 379 omnem
835 338 1053 379 scientiam
1085 355 1093 378 ε
1125 348 1164 380 et
1201 339 1232 381 si
1272 339 1450 381 habeam

106 423 302 450 »omnem
338 408 488 455 fidem,
523 406 577 448 ita
612 414 657 447 ut
691 415 856 447 montes
895 408 1167 453 transferam,
1198 407 1450 450 'charitatem

105 485 275 519 »autem
308 493 391 520 non
422 477 622 524 habeam,
654 476 759 517 nihil
783 490 888 517 sum.
925 476 976 516 Et
1001 476 1032 516 si
1065 478 1274 519 donavero
1305 493 1450 519 omnes

107 547 353 589 »facultates
380 561 514 594 meas,
545 554 587 587 et
610 545 864 587 distribuero
887 545 1026 586 omnia
1055 560 1146 586 mea
1171 547 1449 602 pauperibus,

105 627 177 659 »et
205 617 237 658 si
270 618 481 659 tradidero
516 631 667 673 corpus
694 630 835 657 meum
867 615 1076 656 urendum
1094 647 1103 661 ,
1129 615 1183 657 ita
1210 625 1254 656 ut
1280 617 1449 672 glorier,

106 687 382 729 »charitatem
407 696 545 728 autem
569 701 655 727 non
678 685 879 732 habeam,
901 684 1007 726 nihil
1028 684 1130 726 mihi
1154 685 1326 741 prodest
1342 686 1373 727 ³.
1397 705 1412 725 n

166 757 216 798 II.
256 756 446 798 Charitas
471 756 659 796 omnium
693 756 902 796 bonorum
938 763 1072 796 mator
1100 763 1185 803 est,
1218 755 1453 799 misericor-

107 826 184 868 diae
207 826 488 883 principium,
521 826 637 881 origo
667 824 856 880 pietatis,
881 825 970 865 fons
996 824 1264 880 benignitatis
1282 858 1291 873 ,
1328 835 1455 882 caput

106 895 298 951 justitiae,
328 896 429 952 legis
469 895 729 951 adimpletio,
768 894 971 951 perfectio
1002 902 1324 951 praeceptorum.
1352 893 1454 935 Sine

106 966 186 1008 hac
208 981 289 1007 una
312 966 451 1007 omnia
475 974 544 1006 aut
561 965 775 1008 debilitata
797 973 1024 1013 corruunt,
1051 972 1119 1005 aut
1141 978 1269 1020 regno
1289 973 1445 1005 carent.

107 1035 210 1077 Nam
233 1043 274 1077 et
295 1035 586 1092 propheticum
611 1036 765 1076 sentire
788 1034 891 1075 nihil
913 1043 1000 1080 est3
1031 1042 1071 1074 et
1092 1035 1180 1075 leve
1205 1029 1325 1074 nosse
1347 1048 1452 1089 mys-

106 1104 237 1153 teria3
270 1120 445 1160 parvum
479 1113 542 1146 est
562 1105 707 1161 fugare
739 1105 972 1151 daemones;
1001 1103 1225 1158 omniaque
1253 1102 1454 1143 virtutum

108 1189 258 1230 genera
286 1189 604 1221 consummare,
629 1175 660 1215 si
694 1174 875 1215 charitas
907 1173 1035 1220 desit,
1067 1173 1187 1214 inane
1223 1181 1296 1213 est.
1334 1174 1454 1214 Unde

107 1244 313 1286 Dominus
332 1244 523 1285 Christus
540 1244 598 1285 sic
624 1243 677 1284 ait
699 1259 708 1285 :
737 1262 752 1281 (ι
768 1243 886 1285 Multi
910 1243 1013 1283 mihi
1038 1243 1183 1283 dicunt
1203 1243 1244 1282 in
1269 1242 1336 1282 illa
1360 1242 1451 1283 die:

109 1330 126 1352 ι)
141 1313 340 1361 Domine,
371 1314 571 1360 Domine,
592 1328 732 1354 nonne
752 1313 792 1353 in
813 1322 882 1353 tuo
901 1312 1072 1352 nomine
1092 1312 1449 1367 prophetavimus,

110 1389 182 1422 »et
213 1381 254 1422 in
281 1382 454 1423 nomine
489 1391 561 1423 tuo
600 1382 804 1424 daemonia
837 1382 1118 1427 exclusimus,
1145 1388 1185 1421 et
1221 1381 1260 1421 in
1286 1382 1456 1421 nomine

111 1459 212 1492 »tuo
235 1450 411 1493 ‘virtutes
439 1467 609 1508 magnas
643 1452 848 1493 fecimus?
876 1452 995 1493 Tunc
1021 1452 1155 1493 dicam
1180 1451 1287 1491 illis:
1316 1450 1456 1492 Disce-

109 1541 125 1560 »
142 1522 226 1563 dite
248 1537 269 1563 a
292 1538 382 1572 me,
406 1538 491 1564 non
508 1538 580 1564 vos
598 1523 717 1570 novi,
743 1523 814 1578 qui
838 1521 1070 1578 operamini
1097 1521 1402 1576 iniquitatem.
1429 1539 1444 1560 n

111 1591 346 1647 Iniquitatis
379 1607 506 1648 opera
537 1601 620 1638 est,
656 1593 871 1634 hominem
907 1592 1067 1633 homini
1107 1593 1212 1632 velle
1248 1589 1454 1648 praeierri,

110 1659 279 1702 fratrem
309 1662 494 1703 invidere
521 1662 660 1709 fratri,
686 1663 863 1703 alterum
897 1661 1013 1702 alteri
1043 1676 1126 1702 non
1152 1662 1193 1702 id
1215 1662 1319 1702 velle
1345 1663 1457 1716 quod

112 1731 189 1773 sibi
203 1745 213 1773 τ
228 1740 270 1772 et
292 1746 388 1773 cum
406 1733 458 1773 sit
477 1733 599 1774 nobis
619 1747 699 1773 una
719 1732 904 1774 conditio
926 1732 1148 1779 naturalis,
1169 1732 1456 1773 conditionem

113 1801 343 1844 conditioni
367 1803 470 1843 velle
491 1803 690 1859 praeponi.

169 1872 242 1913 III.
281 1872 387 1913 Cum
415 1881 561 1914 auctor
589 1881 740 1913 nostrae
769 1872 934 1918 salutis,
957 1880 1115 1912 naturae
1144 1871 1321 1927 propriae
1342 1871 1458 1912 Divi-

113 1941 254 1982 nitatis
276 1941 484 1989 conscius,
506 1942 752 1983 mortalibus
770 1958 813 1983 se
831 1941 996 1983 eunctis
1014 1943 1232 1982 mortalem
1251 1941 1456 1989 exhibuit,

113 2019 155 2052 et
171 2010 411 2052 hominibus
428 2012 625 2052 omnibus
648 2012 864 2052 hominem
887 2012 1065 2067 praebuit
1081 2043 1090 2058 ,
1121 2020 1162 2052 et
1186 2011 1299 2066 quod
1324 2011 1458 2066 majus

114 2089 197 2129 est,
217 2080 501 2122 conditionem
521 2081 753 2122 conditioni
769 2081 976 2136 subjecit,
996 2081 1058 2121 sui
1078 2081 1265 2136 corporis
1286 2080 1459 2121 formam

114 2151 158 2193 in
193 2150 327 2192 forma
358 2152 489 2193 nostri
521 2152 709 2207 corporis
748 2151 985 2208 cooptavit3
1014 2160 1061 2192 ut
1092 2152 1174 2193 hoc
1199 2160 1461 2193 sacramento

115 2222 406 2264 celsitudinem
445 2222 697 2270 humilitati,
733 2231 773 2263 et
809 2222 1088 2263 humilitatem
1124 2221 1362 2263 celsitudini
1397 2237 1462 2263 co-

115 2301 320 2349 aequaret3
345 2302 388 2334 et
406 2301 452 2333 ut
476 2293 516 2334 in
535 2293 616 2334 hoc
638 2301 952 2334 consummaret
978 2292 1154 2347 patriam
1174 2294 1430 2333 voluntatem
1449 2324 1459 2338 ‚

117 2363 186 2421 qui
204 2363 334 2405 dixit:
366 2381 380 2400 ιι
399 2363 489 2405 Non
518 2363 714 2404 descendi
738 2365 789 2404 de.
811 2364 940 2410 coelo,
960 2372 1006 2403 ut
1030 2362 1178 2403 faciam
1203 2364 1459 2404 voluntatem

117 2449 254 2476 meam
273 2450 284 2481 ;
308 2434 381 2475 sed
401 2435 655 2474 voluntatem
674 2433 764 2489 ejus
782 2467 790 2481 ,
812 2434 883 2489 qui
905 2448 971 2474 me
996 2431 1150 2474 misit&
1176 2433 1256 2474 »Et
1280 2432 1459 2474 iterum:

131 2521 146 2542 ι(
171 2503 300 2547 Filius
333 2503 514 2545 hominis
532 2536 541 2551 ,
577 2504 735 2560 inquit,
776 2518 863 2545 non
882 2503 993 2544 venit
1021 2502 1270 2550 ministrari,
1300 2503 1374 2544 sed
1395 2501 1470 2542 mi·

166 2604 176 2619 ¹
198 2606 211 2628 ι
230 2594 304 2628 Cor.
321 2606 395 2633 xm,
413 2597 480 2628 1-5.
495 2613 537 2620 —
553 2605 565 2619 ⁵
582 2596 701 2630 Matth.
722 2607 781 2637 vu,
799 2607 852 2636 22,
867 2596 967 2629 25.--
989 2597 1003 2620 3
1021 2595 1119 2628 Joan.
1135 2605 1184 2633 vi,
1201 2593 1251 2626 38.
