1774 3158
497 320 777 349 Emsromnuu
810 320 966 347 GLASfflS
1003 321 1026 345 1.
1364 303 1446 359 357

103 417 175 443 ore
192 400 458 443 celebratur?
482 397 683 438 Certatim
707 410 853 437 omnes
875 397 1043 436 student
1067 393 1192 436 fidem
1221 393 1358 440 fateri,
1377 394 1451 435 Pa-

104 481 208 513 trem
234 480 273 512 ct
295 470 446 512 Filium
469 478 511 510 et
529 468 730 524 Spiritum
751 475 941 508 sanctum
965 474 1121 506 norunt
1141 465 1329 506 versibus
1344 479 1453 520 prae-

105 542 257 583 dicare.
288 540 403 581 Facti
426 547 522 579 sunt
542 538 664 594 igitur
687 551 831 577 omncs
851 536 1058 592 magistri,
1083 536 1152 591 qui
1176 535 1244 575 vix
1262 542 1457 590 poterant

103 625 192 651 esse
215 608 425 665 discipuli.

163 680 342 721 XXXV.
383 679 495 729 Quid
519 677 646 734 igitur
673 675 968 718 obaudientius
1001 683 1140 731 potest
1171 690 1285 722 esse,
1327 689 1454 730 quam

104 758 150 791 ut
179 749 332 789 Christi
362 762 588 803 sequamur
608 746 870 802 exemplum,
897 744 968 800 qui
1001 743 1175 800 “Specie
1199 743 1392 783 inventus
1411 751 1458 783 ut

107 839 121 858 n
137 821 285 863 houm.
313 817 550 858 humiliavit
571 816 840 872 semetipsum
868 815 1000 856 sactus
1021 814 1222 855 obediens
1249 829 1382 869 usque
1405 814 1458 854 ad

105 907 120 927 »
137 887 338 929 mortem¹
360 887 408 927 P»
430 886 623 942 Denique
645 901 790 926 omnes
817 900 892 941 per
915 884 1197 925 obedientiam
1223 883 1418 925 liberavit
1445 898 1454 923 :

118 957 258 999 «Sicut
280 956 389 997 cuim
415 971 490 1012 per
514 956 842 996 inobedientiam
866 955 988 995 unius
1011 953 1192 995 hominis
1215 962 1460 1010 peccatores

106 1047 121 1066 »
137 1027 351 1069 constituti
367 1035 465 1067 sunt
489 1026 679 1082 plurimi,
701 1026 755 1066 ita
773 1034 814 1066 et
832 1041 906 1082 per
923 1025 1045 1066 unius
1065 1025 1347 1065 obedientiam
1362 1024 1461 1079 justi

107 1098 447 1139 »constituentur
472 1095 633 1137 multi2.
654 1115 668 1134 n
694 1095 736 1136 Si
760 1111 858 1152 ergo
889 1096 964 1136 ille
988 1095 1188 1136 obediens
1205 1126 1215 1141 ,
1254 1094 1463 1149 accipiant

107 1168 358 1209 obedientie„—
386 1166 671 1222 magisterium
688 1198 697 1212 ‚
725 1166 791 1206 cui
816 1180 891 1206 nos
912 1165 1179 1210 inhaeremus,
1211 1165 1396 1205 dicentes
1417 1164 1463 1204 iis

104 1240 172 1295 qui
203 1239 323 1279 nobis
348 1239 398 1279 de
419 1239 671 1291 imperatore
696 1237 894 1277 iuvidiam
916 1236 1075 1276 faciunt
1100 1251 1108 1275 ;
1137 1235 1347 1275 Solvimus
1372 1250 1463 1290 quae

109 1318 205 1351 suut
230 1309 425 1359 Caesaris,
454 1309 603 1350 (jaesari
624 1339 632 1353 ,
657 1315 699 1347 et
727 1322 817 1361 qua:
840 1316 937 1347 sunt
960 1306 1053 1353 Dei,
1079 1305 1210 1346 Deo².
1238 1306 1465 1346 Tributum

111 1380 283 1421 Caesaris
305 1387 365 1419 est
381 1411 390 1425 ‚
419 1393 499 1419 non
521 1386 698 1434 negatur
720 1392 728 1417 :
750 1377 935 1418 Ecclesia
950 1376 1025 1417 Dei
1043 1384 1104 1417 est
1119 1409 1128 1423 ‚
1150 1376 1301 1417 Caesari
1322 1377 1466 1431 utique

111 1466 193 1490 nou
221 1450 345 1490 debet
369 1448 526 1495 addici3
559 1448 652 1503 quia
684 1447 750 1503 jus
789 1446 961 1488 Csesaris
984 1462 1082 1488 ‘esse
1111 1462 1193 1487 non
1229 1454 1368 1502 potest
1389 1445 1467 1486 Dei

114 1521 329 1576 templum.

168 1589 367 1633 XXXVI.
407 1588 533 1640 Quod
559 1603 654 1630 cum
686 1588 1010 1630 honorificentia
1029 1587 1290 1645 imperatoris
1307 1587 1467 1629 dictum

112 1678 234 1704 nemo
251 1671 385 1717 potest
399 1676 561 1717 negare.
573 1660 687 1711 Quid
700 1661 811 1702 enim
828 1659 1323 1715 honorificentius,quam
1341 1668 1385 1700 ut
1400 1660 1471 1699 im-

112 1731 486 1788 peratorEcclesife
508 1729 717 1770 filiusessc
730 1729 920 1770 dicatur?
933 1729 1059 1780 Quod
1074 1744 1170 1769 cum
1185 1728 1354 1780 dicitur,
1374 1729 1466 1770 sine

113 1809 288 1857 peccato
312 1801 481 1846 dicitur,
504 1814 600 1839 cum
624 1799 753 1854 gratia
778 1799 946 1840 dicitur.
981 1798 1215 1854 Imperator
1231 1799 1340 1838 enim
1357 1799 1471 1840 intra

113 1871 360 1917 Ecclesiam,
383 1884 463 1910 uon
475 1884 597 1924 supra
616 1869 850 1909 Ecclesiam
869 1876 929 1909 cst
943 1885 953 1916 ‚-
969 1869 1228 1910 honusenim
1244 1869 1474 1925 Imperator

115 1942 264 1997 quaerit
287 1940 483 1981 auxilium
509 1939 730 1987 Ecclesiae,
758 1954 841 1980 non
867 1940 1032 1980 rel'utat.
1064 1938 1162 1979 Haec
1191 1947 1235 1979 ut
1253 1939 1471 1980 humiliter

116 2011 318 2060 dicimus,
353 2010 407 2051 ita
436 2017 679 2050 constanter
700 2010 962 2065 exponimus.
998 2009 1082 2050 Sed
1106 2008 1299 2050 incendia
1323 2009 1469 2065 aliqui,

116 2081 299 2137 gladium
316 2112 325 2128 ,
352 2079 689 2135 deportationem
715 2080 944 2120 minantur.
968 2078 1203 2120 Didicimus
1220 2078 1376 2120 Christi
1394 2095 1478 2120 ser-

116 2151 200 2193 vuli
213 2166 295 2192 non
315 2150 475 2204 timere.
499 2149 590 2191 Non
606 2149 852 2190 timentibus
869 2163 1083 2204 nunquam
1098 2162 1159 2190 est
1170 2149 1304 2204 gravis
1319 2158 1470 2191 terror.

117 2220 307 2276 Denique
318 2219 520 2276 scriptum
538 2227 628 2260 est:
648 2218 841 2275 «Sagittae
857 2218 1079 2260 infantium
1092 2218 1209 2260 factae
1227 2227 1324 2260 sunt
1340 2220 1474 2276 plagae

117 2312 132 2331 »
147 2290 333 2333 eorum⁶.
356 2309 371 2328 υ

176 2361 395 2403 XXXVII.
441 2359 549 2401 Satis
587 2360 714 2416 igitur
750 2360 974 2418 propositis
1007 2375 1254 2417 responsum
1288 2360 1471 2402 videtur.

118 2432 238 2475 Nunc
262 2432 352 2472 illos
376 2431 602 2486 interrog0‚
620 2432 733 2486 quod
751 2430 946 2472 Salvator
968 2430 1241 2487 interrogavit
1263 2445 1272 2471 ε
1292 2430 1480 2486 «Baptis-

120 2519 136 2540 »
151 2516 267 2542 mum
288 2499 460 2542 <loannis
483 2501 533 2541 de
555 2501 662 2542 coelo
684 2509 770 2549 est,
802 2516 853 2542 an
872 2516 922 2542 ex
944 2500 1188 2542 hominibus
1205 2500 1216 2520 ⁵
1233 2499 1250 2540 ἐ’
1269 2518 1283 2538 »
1311 2500 1364 2541 Et
1395 2513 1482 2540 non

170 2608 178 2622 '
201 2601 317 2643 Philip.
345 2612 379 2635 ιι,
405 2613 435 2642 7,
456 2602 486 2632 8.
507 2619 543 2624 —
566 2610 577 2624 ²
599 2602 692 2633 Rom.
709 2612 739 2639 v,
766 2613 815 2643 ¹9.
835 2619 875 2626 -
906 2603 918 2624 ³
942 2602 1059 2634 Matth.
1083 2613 1171 2637 xxii.
1201 2611 1252 2633 21.
1280 2619 1319 2625 --
1355 2603 1366 2627 ⁴
1398 2601 1480 2634 Psal.

124 2667 213 2693 axin,
229 2656 259 2687 8.
279 2674 322 2702 .-
342 2658 353 2679 5
371 2656 447 2687 Luc.
465 2666 515 2692 xx,
537 2656 569 2693 4.
