1774 3158
340 259 358 271 »q

308 274 390 302 200
853 275 883 302 S.
926 275 1116 304 Ammosu

306 352 506 393 damnare
529 350 722 400 uoluisti,
747 366 930 395 asserere
949 363 1085 396 autem
1106 369 1190 397 non
1206 364 1347 412 potes:
1368 355 1527 398 idcirco
1544 370 1656 398 nune

302 421 457 479 refugis
493 430 534 463 et
561 422 778 464 cavillaris.
822 424 1013 465 Plenarie
1051 425 1183 480 ipsam
1221 426 1354 468 recito
1391 427 1441 467 ad
1479 425 1652 483 singula.

304 493 384 534 Dic
427 501 569 534 utrum
605 493 794 535 Christus
834 504 997 537 creatus
1034 496 1250 544 videatur;
1274 511 1325 538 an
1356 497 1457 544 fuit,
1490 498 1658 553 quando

304 577 389 604 non
410 562 517 604 suit:
539 578 590 604 an
614 578 710 604 vero
734 579 897 622 semper
924 566 1001 606 suit
1023 565 1263 623 unigenitus
1285 567 1360 608 Dei
1382 565 1659 608 Filiusi’Cum

304 633 414 677 Arrii
435 634 653 692 epistolam
673 634 874 684 audieris,
897 645 967 678 aut
989 638 1165 686 damna,
1192 645 1263 678 aut
1286 637 1430 694 proba.

362 705 552 748 XLVIII.
589 706 796 748 Palladius
826 707 929 749 dixit
959 722 967 748 ε
995 707 1102 749 Cum
1136 708 1361 765 impietatis
1394 717 1434 751 te
1465 724 1659 767 arguam,

308 784 348 818 te
364 775 506 832 judice
529 791 613 817 non
636 783 744 817 utor.
771 777 1072 834 Transgressor
1094 794 1150 820 es.

363 846 543 893 Sabinus
564 847 785 904 episcopus
811 848 911 890 dixit
933 864 941 889 ε
965 850 1079 901 Quas
1108 850 1342 907 impietates
1373 851 1523 907 objicis
1546 850 1663 893 fratri

304 925 449 959 nostro
472 925 513 958 et
537 918 828 959 consacerdoti
859 927 1003 962 nostro
1027 920 1248 962 Ambrosio
1265 953 1275 969 ,
1307 921 1448 963 dicito.

362 987 570 1029 Palladius
595 988 722 1029 dixit:
743 988 838 1030 Jam
857 990 975 1032 vohis
996 991 1102 1039 dixi,
1123 992 1248 1048 pleno
1272 987 1464 1034 Concilio
1488 1007 1665 1050 respon-

306 1057 414 1099 debo
433 1090 441 1105 ‚
466 1066 507 1099 et
525 1058 800 1113 praesentibus
827 1060 1102 1102 auditoribus,

363 1127 613 1170 Ambrosius
639 1128 861 1186 episcopus
891 1130 994 1172 dixit
1021 1145 1030 1172 :
1061 1130 1107 1172 Iu
1132 1146 1331 1173 consessu
1354 1131 1529 1174 fratrum
1554 1147 1666 1174 meo-

304 1212 397 1239 rum
422 1198 548 1255 cupio
576 1199 783 1240 confutari
807 1208 848 1240 et
869 1200 1078 1258 redargui.
1111 1200 1216 1253 Quae
1245 1201 1372 1259 igitur
1394 1202 1522 1260 impie
1549 1203 1666 1244 dixe-

306 1268 411 1316 rim,
440 1268 568 1311 dicito
590 1284 599 1311 :
624 1271 698 1311 sed
725 1269 877 1328 impius
898 1270 975 1312 tibi
997 1271 1166 1321 videor,
1190 1272 1261 1328 qui
1283 1271 1485 1329 pietatem
1507 1281 1660 1314 astruo.

366 1340 546 1383 Sabinus
565 1341 788 1398 episcopus
810 1341 912 1383 dixit
933 1356 942 1384 t
967 1341 1078 1399 Ergo
1103 1342 1260 1399 impius
1281 1342 1356 1384 tibi
1383 1340 1573 1391 videtur,
1596 1341 1668 1399 qui

305 1411 418 1455 Arrii
440 1411 722 1469 blasphemias
748 1412 913 1468 arguit?

364 1481 517 1525 XLIX.
554 1482 763 1525 Palladius
785 1482 915 1525 dixit:
943 1482 1030 1540 Ego
1056 1497 1140 1525 nou
1164 1482 1311 1540 negavi
1334 1483 1493 1525 bonum
1513 1483 1668 1526 Filium

305 1553 396 1597 Dei.

362 1625 610 1668 Ambrosius
631 1626 852 1684 episeopus
873 1625 997 1669 dixit:
1024 1625 1139 1668 Dicis
1163 1640 1263 1683 ergo
1289 1625 1509 1667 Christum
1532 1625 1669 1667 Deum

307 1697 504 1741 bonum?

361 1768 570 1809 Palladius
605 1767 710 1809 dixit
737 1783 745 1808 :
779 1767 869 1810 Nou
894 1767 1010 1809 vobis
1035 1768 1287 1824 respondeo.

363 1836 612 1880 Valerianus
653 1838 876 1896 episcopus
914 1837 1017 1880 dixit
1058 1853 1066 1879 :
1105 1838 1243 1881 Nolite
1278 1839 1462 1879 multum
1502 1835 1670 1894 adigere

303 1909 562 1956 Palladium,
588 1925 673 1952 non
698 1918 836 1967 potest
870 1924 966 1952 vera
998 1917 1141 1951 nostra
1169 1909 1420 1966 simpliciter
1455 1906 1664 1950 confiteri.

303 1982 440 2040 Ipsius
466 1982 579 2024 enim
609 1982 868 2024 conscientia
899 1981 1057 2039 duplici
1092 1980 1352 2038 blasphemia
1376 1979 1548 2021 confusa
1583 1987 1668 2027 est;

305 2069 403 2096 nam
430 2069 450 2095 a
473 2054 734 2096 photinianis
757 2063 819 2096 est
842 2054 1060 2095 ordinatus
1077 2085 1087 2101 ‚
1110 2061 1267 2094 etcum
1291 2051 1390 2108 ipsis
1417 2059 1482 2093 est
1503 2051 1671 2092 damna-

303 2133 370 2168 tus
398 2141 406 2166 :
432 2134 474 2167 et
496 2141 609 2167 nunc
633 2126 796 2183 plenius
816 2125 1100 2167 damnabitur.

365 2196 573 2239 Palladius
592 2196 696 2238 dixit
718 2211 726 2237 :
751 2197 842 2238 Hoc
868 2195 1014 2253 proba.

366 2268 548 2310 Sabinus
578 2267 801 2324 episcopus
835 2267 938 2308 dixit
961 2281 969 2307 ε
996 2265 1089 2309 Nou
1125 2264 1245 2307 aliter
1267 2272 1434 2321 poterat
1454 2262 1672 2306 Christum

306 2354 454 2381 verum
477 2354 655 2396 negare,
680 2338 758 2381 nisi
785 2346 978 2379 auctores
1001 2352 1097 2378 suos
1115 2344 1375 2392 sequeretur.

369 2410 415 2453 L.
453 2411 702 2454 Ambrosius
732 2410 955 2468 episcopus
981 2409 1084 2451 dixit
1110 2424 1118 2449 :
1150 2407 1356 2464 Obiecisti
1383 2422 1452 2448 me
1473 2416 1563 2449 esse
1593 2406 1675 2448 ime

308 2482 425 2541 pium
442 2515 450 2530 ‚
473 2483 552 2525 hoc
575 2482 723 2540 proba.

367 2553 574 2596 Palladius
599 2552 700 2595 dixit
722 2568 730 2594 :
756 2551 1070 2610 Expositiouem
1095 2558 1281 2593 nostram
1302 2548 1552 2597 afferemus;
1575 2561 1673 2590 cum

310 2632 452 2667 autem
473 2623 764 2673 attulerimus,
789 2632 889 2666 tunc
914 2623 1142 2680 disputatio
1171 2620 1413 2664 habebitur.

371 2695 622 2756 Ambrosius
643 2696 868 2753 episeopus
899 2694 1001 2739 dixit
1029 2710 1037 2736 ι
1063 2694 1223 2739 Damna
1256 2692 1517 2751 impietatem
1543 2690 1667 2735 Arrii.
