1774 3158
666 215 1001 244 ANNOTA'HONBS.
1426 203 1507 261 509

162 294 249 335 ovis
271 307 405 350 graece
425 298 528 347 μῆλον
575 293 751 336 dicatur.
791 294 992 345 Quamvis
1016 302 1154 336 autem
1177 294 1258 336 hoc.
1283 295 1377 337 loco
1400 310 1508 352 prae-

161 364 283 421 cipue
300 363 350 404 ad
372 363 471 404 Eliae
496 363 693 418 pallium,
714 365 828 420 quod
849 378 925 405 Lxx
945 367 1104 420 pamm-2
1131 373 1306 414 vocant,
1331 366 1510 407 Ambro-

160 434 242 475 sius
264 434 443 479 alludat,
470 432 572 474 nihil
602 441 740 474 tamen
774 434 993 489 prohibet,
1024 434 1125 489 quin
1163 435 1281 476 illum
1321 451 1369 477 ea
1405 450 1507 478 voce

157 513 381 562 propterca
403 504 527 545 etiam
547 519 670 546 usum
694 512 914 561 putemus,
940 513 986 546 ut
1006 504 1261 562 significaret
1283 505 1509 548 Acholium

158 575 198 615 in
227 574 470 631 episcopatu
489 589 655 630 quoque
673 574 893 616 retinuisse
919 583 1077 616 vestem
1101 577 1391 618 monasticam.
1409 577 1508 617 Ete-

158 644 243 686 nim
264 659 348 685 non
372 645 507 684 solum
527 644 778 685 Athanasius
795 643 1025 686 Antonium
1039 659 1088 685 eo
1101 644 1336 686 indumenti
1355 661 1508 701 genere

156 729 279 756 usum
303 713 448 755 scribit
469 728 477 755 :
499 715 571 755 sed
594 714 697 755 illud
718 714 843 755 etiam
863 728 1092 755 commune
1125 714 1331 771 AEgyptiis
1360 730 1509 756 mona-

155 784 245 826 chis
284 784 408 826 fuisse
445 799 496 825 ex
532 783 756 834 Cassiano,
791 784 1003 834 Palladio,
1045 783 1222 827 Socrate
1263 792 1388 841 atque
1415 785 1503 827 aliis

154 868 408 912 cognoscere
429 863 504 896 est.

495 1003 743 1032 ANNOTATIO
782 989 900 1044 (104)
936 1003 1030 1046 pag.
1072 1004 1165 1045 290.

211 1131 317 1171 Cum
341 1129 654 1172 Valentinianus
683 1130 822 1171 adbuc
842 1138 1005 1172 tantum
1023 1139 1131 1172 esset
1152 1130 1499 1180 catechumenus,

152 1214 231 1241 nec
268 1199 305 1241 ei
338 1199 469 1241 missae
502 1198 691 1242 fidelium
731 1202 874 1242 adesse
912 1201 1086 1249 liceret,
1115 1201 1201 1242 haec
1227 1215 1403 1242 munera
1427 1216 1508 1242 non

153 1278 328 1328 possunt
353 1270 525 1327 intelligi
560 1271 612 1313 de
638 1271 685 1312 iis
710 1271 958 1312 muneribus
993 1286 1039 1312 ac
1080 1272 1226 1319 donis,
1255 1287 1345 1328 quac
1384 1272 1509 1313 iidem

153 1340 298 1383 fidelos
318 1350 364 1383 ut
381 1357 433 1383 ex
451 1341 529 1383 illis
552 1357 572 1382 a
599 1342 818 1383 sacerdote
847 1341 1103 1383 consecratis
1122 1342 1504 1390 communicarent,

155 1411 388 1454 offerebant
408 1426 417 1452 t
441 1411 514 1452 sed
534 1412 774 1467 accipienda
800 1419 895 1452 sunt
925 1413 975 1452 (le
1014 1412 1135 1452 variis
1170 1412 1247 1453 illis
1284 1412 1466 1453 donariis
1493 1445 1503 1459 ‚

155 1496 246 1537 quae
270 1482 322 1522 ad
344 1482 596 1538 templorum
616 1490 881 1529 ornamenta,
898 1481 1056 1522 victum
1080 1480 1370 1522 ministrorum
1389 1482 1505 1522 alios-

155 1567 236 1607 que
258 1551 412 1592 similes
442 1566 539 1592 usus
557 1551 775 1592 christiani
808 1551 891 1605 jam
916 1551 1012 1592 inde
1031 1565 1050 1591 a
1076 1550 1223 1606 priscis
1247 1550 1506 1608 temporibus

157 1623 442 1664 conserebant.
486 1622 605 1663 [nde
652 1621 921 1662 Marcellinus
965 1621 1251 1663 calumniandi
1293 1622 1506 1664 Romanos

156 1692 376 1750 pontifices
403 1706 544 1733 ansam
571 1692 792 1748 arripiens,
822 1691 977 1732 mirum
1003 1706 1092 1733 esse
1115 1700 1254 1747 negat,
1278 1692 1310 1733 si
1333 1693 1506 1749 pontisi-

158 1773 275 1806 catus
295 1763 344 1804 ab
380 1761 476 1818 ipsis
505 1762 744 1803 ambiatur:
775 1761 891 1803 Cum
909 1762 958 1802 icc
992 1763 1162 1818 adepti,
1181 1762 1342 1818 inquit,
1365 1764 1508 1819 siccari

158 1834 328 1876 sintita
349 1833 508 1880 securi,
541 1842 586 1873 ut
617 1834 818 1873 ditentur
845 1832 1136 1874 oblationibus
1175 1843 1506 1884 matronarum,

159 1903 459 1946 etc.Caeterum
479 1903 570 1959 quis
588 1917 671 1944 non
691 1903 867 1944 miretur
879 1917 961 1944 non
971 1902 1099 1945 modo
1117 1917 1241 1959 quam
1258 1902 1506 1946 Ambrosius

160 1989 244 2032 prae
267 1989 309 2015 se
332 1973 429 2022 sert,
454 1973 729 2014 verumetiam
753 1987 878 2029 quam
898 1972 941 2014 in
960 1972 1213 2014 antistitibus
1232 1973 1320 2015 aliis
1342 1974 1509 2031 praeful-

161 2045 260 2086 sisse
284 2052 461 2087 testatur
481 2044 762 2100 episcopalem
779 2042 1099 2086 fortitudinem?
1120 2043 1277 2087 Felicia
1301 2052 1506 2102 tempora,

161 2130 253 2172 quae
272 2116 374 2158 tales
396 2115 634 2158 sacerdotes
660 2114 830 2157 edidere
850 2115 858 2154 l

496 2266 740 2297 ANNOTATlo
777 2251 894 2309 (105)
929 2266 1021 2309 pag.
1061 2265 1157 2308 291.

223 2392 427 2437 Baronius
442 2392 492 2433 ad
511 2404 607 2431 ann.
627 2388 705 2444 571
729 2386 817 2428 haec
835 2384 963 2427 verba
974 2383 1104 2440 magis
1117 2382 1330 2427 rhetorico
1355 2385 1514 2445 impetu

167 2466 217 2508 ad
240 2463 529 2507 deliniendum
552 2457 833 2502 Valentiniani
855 2455 974 2514 pueri
993 2455 1203 2503 animum,
1225 2470 1349 2512 quam
1373 2473 1422 2499 ex
1444 2474 1515 2501 ve-

165 2535 288 2577 ritate
317 2534 428 2576 dicta
457 2529 696 2579 existimat,
725 2526 945 2569 Seniorem
973 2524 1087 2569 enim
1128 2524 1197 2569 illa
1221 2525 1411 2582 ignorare
1431 2543 1516 2573 non
