1774 3158
280 163 365 206 526
779 173 1114 204 ANNOTATIONES.

272 255 396 297 Hunc
414 253 552 310 ipsum
575 265 743 308 quoque
759 267 844 294 non
867 253 996 296 alium
1035 268 1124 295 esse
1153 253 1468 297 arbitrabantur
1494 255 1546 297 ab
1573 269 1624 296 eo

277 324 497 372 Bautone,
527 322 599 378 qui
631 329 721 363 tum
757 323 960 379 temporis
998 324 1263 365 consulatum
1297 325 1490 382 gerebat,
1527 339 1625 367 cum

278 393 355 450 ipsi
387 391 684 450 panegyricam
717 392 949 434 orationem
981 393 1204 436 Mediolani
1235 395 1494 453 Augustinus
1535 411 1627 454 pro-

273 463 508 511 nuntiavit,
544 471 592 504 ut
622 462 709 519 ipse
748 462 927 520 scripsit.
954 463 1028 506 lib.
1056 478 1127 512 111,
1153 464 1326 506 advers.
1356 464 1459 508 Litt.
1487 466 1624 514 Petit,

281 548 370 591 cap.
397 535 464 575 25.

619 690 862 720 ΑΝΝοΤΑΤιο
900 677 1032 734 (141)
1064 692 1154 735 pag.
1194 677 1292 722 382.

341 814 466 866 Quod
488 811 733 854 Ambrosius
767 811 912 853 asserit
934 827 977 853 se
1001 811 1248 853 abstinuisse
1280 827 1300 853 a
1330 813 1631 856 communione

280 886 575 944 episcoporum
591 915 600 930 ‚
620 882 807 938 quicum
830 882 1012 924 Maximo
1035 897 1248 924 sacrorum
1271 883 1514 926 societatem
1534 900 1637 926 con·

281 955 526 1000 servabant,
560 951 666 993 nihil
692 951 919 1000 miramur3
955 953 1120 1006 quando
1152 952 1287 1007 ipsum
1318 967 1486 1007 quoque
1512 953 1636 995 Maxi-

279 1039 397 1067 mum
431 1038 451 1064 a
482 1021 811 1069 communione,
849 1029 894 1061 ut
921 1030 1064 1062 narrat
1089 1021 1286 1063 Paulinus
1324 1021 1365 1062 in
1393 1021 1482 1077 ejus
1518 1022 1630 1071 Vita,

281 1094 476 1140 rescidit3
504 1091 641 1133 divina
665 1091 826 1131 ultione
844 1123 852 1137 ,
877 1090 954 1131 nisi
976 1106 1072 1131 eum
1105 1092 1353 1147 poeniteret‚
1383 1092 1634 1147 gravissimis

277 1164 417 1205 xerbis
445 1161 703 1204 denuntiata.
737 1161 863 1211 Quod
884 1169 1023 1201 autem
1047 1162 1099 1202 ad
1129 1161 1228 1202 alios
1262 1162 1504 1219 episcopos,
1530 1178 1634 1218 quos

278 1233 346 1275 hic
382 1232 564 1279 indicat,
602 1230 714 1271 haud
751 1229 878 1270 dubie
911 1230 1143 1278 Ithacium,
1188 1231 1375 1272 idacium
1403 1247 1634 1288 eorumque

278 1303 462 1345 fautores
482 1299 676 1355 iutelligit
694 1299 763 1355 qui
781 1298 1105 1351 Priscillianum,
1123 1300 1289 1340 devium
1314 1316 1333 1341 a
1356 1299 1438 1343 fide
1455 1302 1631 1350 scilicet,

279 1386 411 1428 usque
446 1372 497 1412 ad
528 1369 704 1425 capitale
740 1368 995 1425 supplicium
1026 1370 1235 1424 persecuti
1272 1377 1399 1418 sunt;
1435 1372 1634 1427 quemad-

285 1442 462 1485 modum
489 1455 632 1482 rursus
655 1439 827 1496 epistola
850 1454 945 1481 xxw
973 1439 1245 1496 significatur.

618 1588 865 1616 ANNOTATlo
904 1574 1026 1629 (142)
1059 1590 1150 1631 pag.
1192 1575 1290 1617 383.

340 1707 649 1754 Plumarium,
675 1705 718 1747 id
737 1714 824 1752 est,
850 1706 1071 1762 plumacea
1095 1707 1293 1757 culcitra,
1316 1716 1361 1750 ut
1383 1710 1507 1766 paulo
1531 1713 1633 1754 mol-

278 1781 356 1823 lius
384 1780 513 1820 fracta
537 1777 637 1819 boui
659 1777 769 1818 iltius
788 1778 896 1818 senis
924 1779 1115 1820 membra
1135 1779 1386 1821 cubitarent.
1421 1780 1631 1823 Caeterum

277 1852 513 1908 suspicatur
530 1848 734 1890 Bavonius
759 1848 811 1889 acl
835 1862 900 1888 an.
934 1847 1034 1903 587,
1060 1848 1172 1890 hunc
1200 1850 1414 1905 Hyginum
1432 1852 1630 1892 eumdem

278 1936 366 1963 esse
392 1929 516 1975 atque
537 1917 766 1974 Adiginum
787 1916 1102 1958 Cordubensem
1118 1919 1378 1975 episcopum,
1409 1934 1428 1959 a
1453 1935 1535 1976 quo
1552 1920 1632 1977 pri·

277 2007 394 2034 mum
419 1988 623 2031 antistites
648 1989 846 2029 adversus
867 1987 1117 2029 petilianum
1144 1990 1375 2030 concitatos
1398 1999 1539 2032 narrat
1555 1991 1631 2032 Se—

270 2077 391 2105 verus
409 2093 420 2110 ,
443 2061 514 2102 lib.
544 2074 574 2101 11
592 2091 601 2106 ,
620 2059 789 2100 Histor.
820 2058 1116 2101 Verumtamen
1141 2075 1238 2101 cum
1269 2076 1318 2102 ex
1341 2062 1488 2102 eodem
1507 2061 1632 2103 histo-

274 2134 362 2175 rico
378 2164 388 2180 ,
407 2130 610 2185 Adiginus
636 2130 704 2171 ille
722 2144 795 2170 seu
817 2130 958 2186 Iginus
977 2162 985 2176 ,
1016 2139 1061 2170 ut
1094 2129 1134 2170 in
1157 2131 1427 2186 sequentibus
1453 2133 1630 2188 appella-

273 2211 358 2248 tur,
394 2199 709 2242 Priscilianistas
741 2199 955 2241 admiserit
984 2198 1026 2240 in
1063 2201 1427 2252 communionem,
1462 2201 1504 2242 id
1531 2215 1628 2244 cum

272 2271 425 2331 Hygini
447 2269 578 2310 nostri
600 2270 880 2326 generositate
902 2283 989 2310 non
1008 2269 1219 2319 cohaeret3
1245 2270 1322 2312 nisi
1342 2271 1448 2314 forte
1468 2274 1500 2316 is
1519 2274 1628 2317 exilii

267 2341 470 2404 propositi
505 2339 731 2395 asperitate
764 2339 1010 2388 deterritus,
1047 2340 1232 2396 priorem
1260 2343 1537 2385 constantiam
1560 2345 1629 2386 ab·

269 2412 443 2473 jecerit,
478 2408 593 2466 quod
622 2409 846 2451 Ambrosio
878 2408 1016 2451 adhuc
1049 2409 1091 2451 in
1118 2410 1278 2452 reditus
1312 2411 1462 2455 itinere
1491 2413 1627 2470 posito

266 2486 533 2528 innotescere
554 2492 821 2535 nequaquam
844 2479 1041 2536 potuerit.
