<?xml version="1.0" encoding="UTF-8"?>
<!DOCTYPE html PUBLIC "-//W3C//DTD XHTML 1.0 Transitional//EN"
    "http://www.w3.org/TR/xhtml1/DTD/xhtml1-transitional.dtd">
<html xmlns="http://www.w3.org/1999/xhtml" xml:lang="en" lang="en">
 <head>
  <title>
</title>
<meta http-equiv="Content-Type" content="text/html;charset=utf-8" />
  <meta name='ocr-system' content='tesseract 3.04.00' />
  <meta name='ocr-capabilities' content='ocr_page ocr_carea ocr_par ocr_line ocrx_word'/>
</head>
<body>
  <div class='ocr_page' id='page_1' title='image "./omniaequaeextant08ambruoft/omniaequaeextant08ambruoft_0252.png"; bbox 0 0 1774 3158; ppageno 0'>
   <div class='ocr_carea' id='block_1_1' title="bbox 288 228 1091 276">
    <p class='ocr_par' dir='ltr' id='par_1_1' title="bbox 288 228 1091 276">
     <span class='ocr_line' id='line_1_1' title="bbox 288 228 1091 276; baseline -0.006 -9"><span class='ocrx_word' id='word_1_1' title='bbox 288 228 367 276; x_wconf 65' lang='lat'>242</span> <span class='ocrx_word' id='word_1_2' title='bbox 828 235 859 262; x_wconf 71' lang='grc' dir='ltr'>ει.</span> <span class='ocrx_word' id='word_1_3' title='bbox 900 234 1091 263; x_wconf 77' lang='lat' dir='ltr'>AMBROSH</span> 
     </span>
    </p>
   </div>
   <div class='ocr_carea' id='block_1_2' title="bbox 280 313 1648 2562">
    <p class='ocr_par' dir='ltr' id='par_1_2' title="bbox 339 313 1542 370">
     <span class='ocr_line' id='line_1_2' title="bbox 339 313 1542 370; baseline -0.002 -11"><span class='ocrx_word' id='word_1_4' title='bbox 339 316 547 360; x_wconf 81' lang='lat' dir='ltr'>Palladius</span> <span class='ocrx_word' id='word_1_5' title='bbox 565 314 668 357; x_wconf 79' lang='lat' dir='ltr'>dixit</span> <span class='ocrx_word' id='word_1_6' title='bbox 691 329 700 356; x_wconf 77' lang='lat' dir='ltr'>t</span> <span class='ocrx_word' id='word_1_7' title='bbox 723 315 867 357; x_wconf 84' lang='lat' dir='ltr'>Bonus</span> <span class='ocrx_word' id='word_1_8' title='bbox 884 315 1008 357; x_wconf 72' lang='lat' dir='ltr'>Pater</span> <span class='ocrx_word' id='word_1_9' title='bbox 1031 316 1190 357; x_wconf 85' lang='lat' dir='ltr'>bonum</span> <span class='ocrx_word' id='word_1_10' title='bbox 1211 313 1364 356; x_wconf 81' lang='lat' dir='ltr'>Filium</span> <span class='ocrx_word' id='word_1_11' title='bbox 1385 314 1542 370; x_wconf 77' lang='lat' dir='ltr'>genuit.</span> 
     </span>
    </p>

    <p class='ocr_par' dir='ltr' id='par_1_3' title="bbox 281 385 1639 570">
     <span class='ocr_line' id='line_1_3' title="bbox 340 385 1639 443; baseline -0.003 -14"><span class='ocrx_word' id='word_1_12' title='bbox 340 387 481 430; x_wconf 80' lang='lat' dir='ltr'>XXX.</span> <span class='ocrx_word' id='word_1_13' title='bbox 518 386 766 428; x_wconf 81' lang='lat' dir='ltr'>Ambrosius</span> <span class='ocrx_word' id='word_1_14' title='bbox 795 388 1020 443; x_wconf 82' lang='lat' dir='ltr'>episcopus</span> <span class='ocrx_word' id='word_1_15' title='bbox 1049 386 1151 426; x_wconf 86' lang='lat' dir='ltr'>dixit</span> <span class='ocrx_word' id='word_1_16' title='bbox 1181 400 1190 426; x_wconf 88' lang='lat'>:</span> <span class='ocrx_word' id='word_1_17' title='bbox 1214 385 1267 426; x_wconf 92' lang='lat' dir='ltr'>Et</span> <span class='ocrx_word' id='word_1_18' title='bbox 1292 399 1366 425; x_wconf 85' lang='lat' dir='ltr'>nos</span> <span class='ocrx_word' id='word_1_19' title='bbox 1395 385 1527 426; x_wconf 85' lang='lat' dir='ltr'>bonos</span> <span class='ocrx_word' id='word_1_20' title='bbox 1565 399 1639 441; x_wconf 82' lang='lat' dir='ltr'>ge-</span> 
     </span>
     <span class='ocr_line' id='line_1_4' title="bbox 282 453 1638 505; baseline -0.003 -6"><span class='ocrx_word' id='word_1_21' title='bbox 282 457 417 505; x_wconf 80' lang='lat' dir='ltr'>nuit&#39;;</span> <span class='ocrx_word' id='word_1_22' title='bbox 444 457 519 498; x_wconf 85' lang='lat' dir='ltr'>sed</span> <span class='ocrx_word' id='word_1_23' title='bbox 543 471 626 498; x_wconf 89' lang='lat' dir='ltr'>non</span> <span class='ocrx_word' id='word_1_24' title='bbox 650 458 886 499; x_wconf 82' lang='lat' dir='ltr'>secundum</span> <span class='ocrx_word' id='word_1_25' title='bbox 907 455 1193 498; x_wconf 80' lang='lat' dir='ltr'>Divinitatem.</span> <span class='ocrx_word' id='word_1_26' title='bbox 1222 457 1361 495; x_wconf 82' lang='lat' dir='ltr'><strong>Deum</strong></span> <span class='ocrx_word' id='word_1_27' title='bbox 1382 455 1541 496; x_wconf 85' lang='lat' dir='ltr'>bonum</span> <span class='ocrx_word' id='word_1_28' title='bbox 1562 453 1638 497; x_wconf 87' lang='lat' dir='ltr'>Dei</span> 
     </span>
     <span class='ocr_line' id='line_1_5' title="bbox 281 527 579 570; baseline -0.003 0"><span class='ocrx_word' id='word_1_29' title='bbox 281 527 436 570; x_wconf 88' lang='lat' dir='ltr'><strong>Filium</strong></span> <span class='ocrx_word' id='word_1_30' title='bbox 460 527 579 569; x_wconf 85' lang='lat' dir='ltr'>dicis.</span> 
     </span>
    </p>

    <p class='ocr_par' dir='ltr' id='par_1_4' title="bbox 341 596 1227 640">
     <span class='ocr_line' id='line_1_6' title="bbox 341 596 1227 640; baseline -0.001 -1"><span class='ocrx_word' id='word_1_31' title='bbox 341 598 549 640; x_wconf 79' lang='lat' dir='ltr'>Palladius</span> <span class='ocrx_word' id='word_1_32' title='bbox 572 598 675 639; x_wconf 83' lang='lat' dir='ltr'>dixit</span> <span class='ocrx_word' id='word_1_33' title='bbox 698 612 706 638; x_wconf 90' lang='lat'>:</span> <span class='ocrx_word' id='word_1_34' title='bbox 732 597 864 638; x_wconf 74' lang='lat' dir='ltr'>Filius</span> <span class='ocrx_word' id='word_1_35' title='bbox 887 596 964 638; x_wconf 72' lang='lat' dir='ltr'>Dei</span> <span class='ocrx_word' id='word_1_36' title='bbox 989 597 1126 637; x_wconf 85' lang='lat' dir='ltr'>bonus</span> <span class='ocrx_word' id='word_1_37' title='bbox 1149 604 1227 638; x_wconf 80' lang='lat' dir='ltr'>est.</span> 
     </span>
    </p>

    <p class='ocr_par' dir='ltr' id='par_1_5' title="bbox 280 665 1642 929">
     <span class='ocr_line' id='line_1_7' title="bbox 342 665 1640 725; baseline -0.004 -15"><span class='ocrx_word' id='word_1_38' title='bbox 342 668 589 710; x_wconf 79' lang='lat' dir='ltr'>Ambrosius</span> <span class='ocrx_word' id='word_1_39' title='bbox 617 668 839 725; x_wconf 77' lang='lat' dir='ltr'>episcopus</span> <span class='ocrx_word' id='word_1_40' title='bbox 864 667 968 708; x_wconf 78' lang='lat' dir='ltr'>dixit</span> <span class='ocrx_word' id='word_1_41' title='bbox 991 682 999 708; x_wconf 72' lang='grc' dir='ltr'>ε</span> <span class='ocrx_word' id='word_1_42' title='bbox 1026 666 1149 709; x_wconf 79' lang='lat' dir='ltr'>Vides</span> <span class='ocrx_word' id='word_1_43' title='bbox 1176 680 1280 722; x_wconf 76' lang='lat' dir='ltr'><strong>ergo</strong></span> <span class='ocrx_word' id='word_1_44' title='bbox 1304 666 1400 722; x_wconf 79' lang='lat' dir='ltr'>quia</span> <span class='ocrx_word' id='word_1_45' title='bbox 1425 665 1640 706; x_wconf 77' lang='lat' dir='ltr'>Christum</span> 
     </span>
     <span class='ocr_line' id='line_1_8' title="bbox 282 734 1642 791; baseline -0.004 -10"><span class='ocrx_word' id='word_1_46' title='bbox 282 740 466 789; x_wconf 89' lang='lat' dir='ltr'>bonum,</span> <span class='ocrx_word' id='word_1_47' title='bbox 506 740 664 781; x_wconf 87' lang='lat' dir='ltr'>bonum</span> <span class='ocrx_word' id='word_1_48' title='bbox 688 739 843 781; x_wconf 77' lang='lat' dir='ltr'>Filium</span> <span class='ocrx_word' id='word_1_49' title='bbox 861 770 870 786; x_wconf 92' lang='lat'>,</span> <span class='ocrx_word' id='word_1_50' title='bbox 899 753 983 779; x_wconf 87' lang='lat' dir='ltr'>non</span> <span class='ocrx_word' id='word_1_51' title='bbox 1006 738 1168 780; x_wconf 83' lang='lat' dir='ltr'>honum</span> <span class='ocrx_word' id='word_1_52' title='bbox 1197 741 1337 779; x_wconf 81' lang='lat' dir='ltr'><strong>Deum</strong></span> <span class='ocrx_word' id='word_1_53' title='bbox 1359 737 1489 784; x_wconf 85' lang='lat' dir='ltr'>dicis;</span> <span class='ocrx_word' id='word_1_54' title='bbox 1527 734 1642 791; x_wconf 84' lang='lat' dir='ltr'>quod</span> 
     </span>
     <span class='ocr_line' id='line_1_9' title="bbox 283 807 1640 867; baseline -0.003 -15"><span class='ocrx_word' id='word_1_55' title='bbox 283 819 361 852; x_wconf 80' lang='lat' dir='ltr'>ate</span> <span class='ocrx_word' id='word_1_56' title='bbox 384 811 599 867; x_wconf 81' lang='lat' dir='ltr'>quaeritur.</span> <span class='ocrx_word' id='word_1_57' title='bbox 628 811 680 851; x_wconf 88' lang='lat' dir='ltr'>Et</span> <span class='ocrx_word' id='word_1_58' title='bbox 715 809 1005 861; x_wconf 77' lang='lat' dir='ltr'>addidittQui</span> <span class='ocrx_word' id='word_1_59' title='bbox 1034 810 1195 851; x_wconf 84' lang='lat' dir='ltr'>bonum</span> <span class='ocrx_word' id='word_1_60' title='bbox 1226 808 1382 850; x_wconf 85' lang='lat' dir='ltr'>Filium</span> <span class='ocrx_word' id='word_1_61' title='bbox 1410 807 1486 850; x_wconf 83' lang='lat' dir='ltr'>Dei</span> <span class='ocrx_word' id='word_1_62' title='bbox 1503 807 1640 850; x_wconf 82' lang='lat' dir='ltr'><strong>Deum</strong></span> 
     </span>
     <span class='ocr_line' id='line_1_10' title="bbox 280 881 917 929; baseline -0.005 -5"><span class='ocrx_word' id='word_1_63' title='bbox 280 897 365 924; x_wconf 86' lang='lat' dir='ltr'>non</span> <span class='ocrx_word' id='word_1_64' title='bbox 394 881 646 929; x_wconf 74' lang='lat' dir='ltr'>confitetur,</span> <span class='ocrx_word' id='word_1_65' title='bbox 678 881 917 922; x_wconf 78' lang='lat' dir='ltr'>anathema.</span> 
     </span>
    </p>

    <p class='ocr_par' dir='ltr' id='par_1_6' title="bbox 343 949 1233 1008">
     <span class='ocr_line' id='line_1_11' title="bbox 343 949 1233 1008; baseline -0.001 -15"><span class='ocrx_word' id='word_1_66' title='bbox 343 952 500 994; x_wconf 86' lang='lat' dir='ltr'><strong>Omnes</strong></span> <span class='ocrx_word' id='word_1_67' title='bbox 523 951 920 1008; x_wconf 78' lang='lat' dir='ltr'>episcopidixerunt</span> <span class='ocrx_word' id='word_1_68' title='bbox 945 965 954 991; x_wconf 92' lang='lat'>:</span> <span class='ocrx_word' id='word_1_69' title='bbox 983 949 1233 992; x_wconf 72' lang='lat' dir='ltr'>Anathema.</span> 
     </span>
    </p>

    <p class='ocr_par' dir='ltr' id='par_1_7' title="bbox 341 1020 1328 1076">
     <span class='ocr_line' id='line_1_12' title="bbox 341 1020 1328 1076; baseline -0.003 -12"><span class='ocrx_word' id='word_1_70' title='bbox 341 1022 505 1066; x_wconf 83' lang='lat' dir='ltr'>XXXI.</span> <span class='ocrx_word' id='word_1_71' title='bbox 543 1022 648 1062; x_wconf 81' lang='lat' dir='ltr'>Item</span> <span class='ocrx_word' id='word_1_72' title='bbox 668 1021 861 1062; x_wconf 79' lang='lat' dir='ltr'>recitavit</span> <span class='ocrx_word' id='word_1_73' title='bbox 885 1035 893 1061; x_wconf 93' lang='lat'>:</span> <span class='ocrx_word' id='word_1_74' title='bbox 926 1020 1071 1061; x_wconf 75' lang='lat' dir='ltr'>Solum</span> <span class='ocrx_word' id='word_1_75' title='bbox 1096 1028 1328 1076; x_wconf 78' lang='lat' dir='ltr'>potentem.</span> 
     </span>
    </p>

    <p class='ocr_par' dir='ltr' id='par_1_8' title="bbox 340 1090 1642 1148">
     <span class='ocr_line' id='line_1_13' title="bbox 340 1090 1642 1148; baseline -0.003 -12"><span class='ocrx_word' id='word_1_76' title='bbox 340 1093 588 1137; x_wconf 84' lang='lat' dir='ltr'>Ambrosius</span> <span class='ocrx_word' id='word_1_77' title='bbox 600 1093 822 1148; x_wconf 81' lang='lat' dir='ltr'>episcopus</span> <span class='ocrx_word' id='word_1_78' title='bbox 839 1091 940 1132; x_wconf 82' lang='lat' dir='ltr'>dixit</span> <span class='ocrx_word' id='word_1_79' title='bbox 956 1091 1130 1132; x_wconf 74' lang='lat' dir='ltr'>:Potens</span> <span class='ocrx_word' id='word_1_80' title='bbox 1143 1100 1206 1132; x_wconf 85' lang='lat' dir='ltr'>est</span> <span class='ocrx_word' id='word_1_81' title='bbox 1219 1091 1348 1133; x_wconf 84' lang='lat' dir='ltr'>Filius</span> <span class='ocrx_word' id='word_1_82' title='bbox 1360 1091 1452 1139; x_wconf 80' lang='lat' dir='ltr'><strong>Dei,</strong></span> <span class='ocrx_word' id='word_1_83' title='bbox 1472 1105 1520 1132; x_wconf 82' lang='lat' dir='ltr'>an</span> <span class='ocrx_word' id='word_1_84' title='bbox 1535 1090 1642 1132; x_wconf 73' lang='lat' dir='ltr'>non?</span> 
     </span>
    </p>

    <p class='ocr_par' dir='ltr' id='par_1_9' title="bbox 284 1160 1643 1288">
     <span class='ocr_line' id='line_1_14' title="bbox 341 1160 1643 1219; baseline -0.002 -14"><span class='ocrx_word' id='word_1_85' title='bbox 341 1163 549 1205; x_wconf 80' lang='lat' dir='ltr'>Palladius</span> <span class='ocrx_word' id='word_1_86' title='bbox 574 1162 675 1204; x_wconf 81' lang='lat' dir='ltr'><strong>dixit</strong></span> <span class='ocrx_word' id='word_1_87' title='bbox 698 1178 706 1203; x_wconf 90' lang='lat'>:</span> <span class='ocrx_word' id='word_1_88' title='bbox 730 1161 814 1212; x_wconf 80' lang='lat' dir='ltr'>Qui</span> <span class='ocrx_word' id='word_1_89' title='bbox 837 1162 978 1203; x_wconf 80' lang='lat' dir='ltr'>onmia</span> <span class='ocrx_word' id='word_1_90' title='bbox 1000 1161 1100 1203; x_wconf 84' lang='lat' dir='ltr'>secit</span> <span class='ocrx_word' id='word_1_91' title='bbox 1117 1194 1128 1209; x_wconf 95' lang='lat'>,</span> <span class='ocrx_word' id='word_1_92' title='bbox 1163 1176 1247 1202; x_wconf 88' lang='lat' dir='ltr'>non</span> <span class='ocrx_word' id='word_1_93' title='bbox 1271 1170 1333 1204; x_wconf 85' lang='lat' dir='ltr'>est</span> <span class='ocrx_word' id='word_1_94' title='bbox 1356 1161 1539 1219; x_wconf 78' lang='lat' dir='ltr'>potens?</span> <span class='ocrx_word' id='word_1_95' title='bbox 1559 1160 1643 1212; x_wconf 87' lang='lat' dir='ltr'>Qui</span> 
     </span>
     <span class='ocr_line' id='line_1_15' title="bbox 284 1231 929 1288; baseline -0.003 -14"><span class='ocrx_word' id='word_1_96' title='bbox 284 1233 424 1275; x_wconf 85' lang='lat' dir='ltr'>omnia</span> <span class='ocrx_word' id='word_1_97' title='bbox 443 1232 542 1274; x_wconf 55' lang='lat' dir='ltr'>facit</span> <span class='ocrx_word' id='word_1_98' title='bbox 558 1265 568 1281; x_wconf 93' lang='lat'>‚</span> <span class='ocrx_word' id='word_1_99' title='bbox 593 1232 734 1273; x_wconf 83' lang='lat' dir='ltr'>minus</span> <span class='ocrx_word' id='word_1_100' title='bbox 756 1231 929 1288; x_wconf 74' lang='lat' dir='ltr'>potest?</span> 
     </span>
    </p>

    <p class='ocr_par' dir='ltr' id='par_1_10' title="bbox 288 1300 1644 1416">
     <span class='ocr_line' id='line_1_16' title="bbox 343 1300 1644 1359; baseline -0.002 -15"><span class='ocrx_word' id='word_1_101' title='bbox 343 1302 822 1359; x_wconf 80' lang='lat' dir='ltr'>Ambrosiusepiscopus</span> <span class='ocrx_word' id='word_1_102' title='bbox 847 1302 951 1343; x_wconf 81' lang='lat' dir='ltr'>dixit</span> <span class='ocrx_word' id='word_1_103' title='bbox 982 1316 991 1343; x_wconf 75' lang='grc' dir='ltr'>ε</span> <span class='ocrx_word' id='word_1_104' title='bbox 1019 1302 1128 1358; x_wconf 76' lang='lat' dir='ltr'>Ergo</span> <span class='ocrx_word' id='word_1_105' title='bbox 1152 1301 1297 1344; x_wconf 77' lang='lat' dir='ltr'>Arrius</span> <span class='ocrx_word' id='word_1_106' title='bbox 1318 1302 1428 1343; x_wconf 81' lang='lat' dir='ltr'>male</span> <span class='ocrx_word' id='word_1_107' title='bbox 1447 1300 1563 1343; x_wconf 82' lang='lat' dir='ltr'>dixit.</span> <span class='ocrx_word' id='word_1_108' title='bbox 1591 1300 1644 1342; x_wconf 85' lang='lat' dir='ltr'>Et</span> 
     </span>
     <span class='ocr_line' id='line_1_17' title="bbox 288 1371 1168 1416; baseline -0.005 0"><span class='ocrx_word' id='word_1_109' title='bbox 288 1373 451 1416; x_wconf 80' lang='lat' dir='ltr'>addidit</span> <span class='ocrx_word' id='word_1_110' title='bbox 472 1388 482 1415; x_wconf 74' lang='grc' dir='ltr'><strong><em>ε</em></strong></span> <span class='ocrx_word' id='word_1_111' title='bbox 507 1372 638 1415; x_wconf 83' lang='lat' dir='ltr'>Velin</span> <span class='ocrx_word' id='word_1_112' title='bbox 661 1372 743 1414; x_wconf 83' lang='lat' dir='ltr'>hoc</span> <span class='ocrx_word' id='word_1_113' title='bbox 773 1373 945 1414; x_wconf 78' lang='lat' dir='ltr'>damnas</span> <span class='ocrx_word' id='word_1_114' title='bbox 965 1371 1168 1414; x_wconf 69' lang='lat' dir='ltr'>Arrium?</span> 
     </span>
    </p>

    <p class='ocr_par' dir='ltr' id='par_1_11' title="bbox 286 1442 1644 1556">
     <span class='ocr_line' id='line_1_18' title="bbox 343 1442 1644 1500; baseline -0.002 -14"><span class='ocrx_word' id='word_1_115' title='bbox 343 1443 552 1486; x_wconf 79' lang='lat' dir='ltr'>Palladius</span> <span class='ocrx_word' id='word_1_116' title='bbox 565 1442 668 1485; x_wconf 80' lang='lat' dir='ltr'>dixit</span> <span class='ocrx_word' id='word_1_117' title='bbox 693 1456 702 1485; x_wconf 73' lang='grc' dir='ltr'><strong><em>ε</em></strong></span> <span class='ocrx_word' id='word_1_118' title='bbox 726 1444 845 1484; x_wconf 76' lang='lat' dir='ltr'>Unde</span> <span class='ocrx_word' id='word_1_119' title='bbox 868 1443 955 1484; x_wconf 78' lang='lat' dir='ltr'>scio</span> <span class='ocrx_word' id='word_1_120' title='bbox 973 1443 1043 1499; x_wconf 86' lang='lat' dir='ltr'>qui</span> <span class='ocrx_word' id='word_1_121' title='bbox 1066 1442 1145 1484; x_wconf 80' lang='lat' dir='ltr'>sit?</span> <span class='ocrx_word' id='word_1_122' title='bbox 1166 1443 1253 1500; x_wconf 79' lang='lat' dir='ltr'>Ego</span> <span class='ocrx_word' id='word_1_123' title='bbox 1275 1458 1351 1500; x_wconf 84' lang='lat' dir='ltr'>pro</span> <span class='ocrx_word' id='word_1_124' title='bbox 1373 1457 1441 1484; x_wconf 82' lang='lat' dir='ltr'>me</span> <span class='ocrx_word' id='word_1_125' title='bbox 1467 1456 1644 1499; x_wconf 82' lang='lat' dir='ltr'><strong>respon·</strong></span> 
     </span>
     <span class='ocr_line' id='line_1_19' title="bbox 286 1513 473 1556; baseline -0.005 0"><span class='ocrx_word' id='word_1_126' title='bbox 286 1515 364 1556; x_wconf 76' lang='lat' dir='ltr'>deo</span> <span class='ocrx_word' id='word_1_127' title='bbox 384 1513 473 1555; x_wconf 88' lang='lat' dir='ltr'>tibi.</span> 
     </span>
    </p>

    <p class='ocr_par' dir='ltr' id='par_1_12' title="bbox 285 1581 1644 1698">
     <span class='ocr_line' id='line_1_20' title="bbox 342 1581 1644 1641; baseline -0.003 -15"><span class='ocrx_word' id='word_1_128' title='bbox 342 1583 590 1626; x_wconf 83' lang='lat' dir='ltr'>Ambrosius</span> <span class='ocrx_word' id='word_1_129' title='bbox 612 1583 835 1641; x_wconf 79' lang='lat' dir='ltr'>episcopus</span> <span class='ocrx_word' id='word_1_130' title='bbox 861 1583 963 1625; x_wconf 81' lang='lat' dir='ltr'>dixit</span> <span class='ocrx_word' id='word_1_131' title='bbox 986 1598 995 1625; x_wconf 91' lang='lat'>:</span> <span class='ocrx_word' id='word_1_132' title='bbox 1016 1582 1146 1624; x_wconf 88' lang='lat' dir='ltr'>Filius</span> <span class='ocrx_word' id='word_1_133' title='bbox 1161 1582 1329 1625; x_wconf 89' lang='lat' dir='ltr'>Domini</span> <span class='ocrx_word' id='word_1_134' title='bbox 1344 1581 1421 1624; x_wconf 80' lang='lat' dir='ltr'>Dei</span> <span class='ocrx_word' id='word_1_135' title='bbox 1443 1581 1556 1623; x_wconf 86' lang='lat' dir='ltr'>Deus</span> <span class='ocrx_word' id='word_1_136' title='bbox 1567 1595 1644 1639; x_wconf 90' lang='lat' dir='ltr'>po-</span> 
     </span>
     <span class='ocr_line' id='line_1_21' title="bbox 285 1655 487 1698; baseline -0.01 0"><span class='ocrx_word' id='word_1_137' title='bbox 285 1664 377 1698; x_wconf 83' lang='lat' dir='ltr'>tens</span> <span class='ocrx_word' id='word_1_138' title='bbox 394 1655 487 1697; x_wconf 76' lang='lat' dir='ltr'>est?</span> 
     </span>
    </p>

    <p class='ocr_par' dir='ltr' id='par_1_13' title="bbox 342 1727 897 1770">
     <span class='ocr_line' id='line_1_22' title="bbox 342 1727 897 1770; baseline -0.002 -1"><span class='ocrx_word' id='word_1_139' title='bbox 342 1727 550 1770; x_wconf 83' lang='lat' dir='ltr'>Palladius</span> <span class='ocrx_word' id='word_1_140' title='bbox 574 1727 678 1769; x_wconf 84' lang='lat' dir='ltr'>dixit</span> <span class='ocrx_word' id='word_1_141' title='bbox 699 1742 707 1767; x_wconf 77' lang='grc' dir='ltr'>ε</span> <span class='ocrx_word' id='word_1_142' title='bbox 727 1727 897 1769; x_wconf 73' lang='lat' dir='ltr'>Potens.</span> 
     </span>
    </p>

    <p class='ocr_par' dir='ltr' id='par_1_14' title="bbox 342 1795 1410 1854">
     <span class='ocr_line' id='line_1_23' title="bbox 342 1795 1410 1854; baseline -0.001 -14"><span class='ocrx_word' id='word_1_143' title='bbox 342 1799 591 1840; x_wconf 79' lang='lat' dir='ltr'>Ambrosius</span> <span class='ocrx_word' id='word_1_144' title='bbox 619 1797 841 1854; x_wconf 84' lang='lat' dir='ltr'>episcopus</span> <span class='ocrx_word' id='word_1_145' title='bbox 861 1796 965 1839; x_wconf 82' lang='lat' dir='ltr'>dixit</span> <span class='ocrx_word' id='word_1_146' title='bbox 985 1811 994 1838; x_wconf 91' lang='lat'>:</span> <span class='ocrx_word' id='word_1_147' title='bbox 1013 1797 1126 1839; x_wconf 79' lang='lat' dir='ltr'><strong>Deus</strong></span> <span class='ocrx_word' id='word_1_148' title='bbox 1149 1797 1286 1838; x_wconf 86' lang='lat' dir='ltr'>honus</span> <span class='ocrx_word' id='word_1_149' title='bbox 1309 1805 1374 1839; x_wconf 87' lang='lat' dir='ltr'>est</span> <span class='ocrx_word' id='word_1_150' title='bbox 1392 1795 1410 1838; x_wconf 77' lang='grc' dir='ltr'>ἶ)</span> 
     </span>
    </p>

    <p class='ocr_par' dir='ltr' id='par_1_15' title="bbox 283 1867 1647 1999">
     <span class='ocr_line' id='line_1_24' title="bbox 342 1867 1647 1926; baseline -0.001 -15"><span class='ocrx_word' id='word_1_151' title='bbox 342 1870 551 1912; x_wconf 76' lang='lat' dir='ltr'>Palladius</span> <span class='ocrx_word' id='word_1_152' title='bbox 575 1869 679 1911; x_wconf 86' lang='lat' dir='ltr'>dixit</span> <span class='ocrx_word' id='word_1_153' title='bbox 705 1884 713 1910; x_wconf 94' lang='lat'>:</span> <span class='ocrx_word' id='word_1_154' title='bbox 739 1868 834 1910; x_wconf 79' lang='lat' dir='ltr'>Jam</span> <span class='ocrx_word' id='word_1_155' title='bbox 883 1868 968 1909; x_wconf 87' lang='lat' dir='ltr'>dixi</span> <span class='ocrx_word' id='word_1_156' title='bbox 991 1868 1147 1910; x_wconf 73' lang='lat' dir='ltr'>Filium</span> <span class='ocrx_word' id='word_1_157' title='bbox 1169 1868 1245 1910; x_wconf 81' lang='lat' dir='ltr'>Dei</span> <span class='ocrx_word' id='word_1_158' title='bbox 1269 1867 1534 1926; x_wconf 82' lang='lat' dir='ltr'>unigenitum</span> <span class='ocrx_word' id='word_1_159' title='bbox 1556 1879 1647 1911; x_wconf 78' lang='lat' dir='ltr'><strong>esse</strong></span> 
     </span>
     <span class='ocr_line' id='line_1_25' title="bbox 283 1949 517 1999; baseline -0.004 -16"><span class='ocrx_word' id='word_1_160' title='bbox 283 1949 517 1999; x_wconf 82' lang='lat' dir='ltr'>potentem.</span> 
     </span>
    </p>

    <p class='ocr_par' dir='ltr' id='par_1_16' title="bbox 342 2010 1491 2068">
     <span class='ocr_line' id='line_1_26' title="bbox 342 2010 1491 2068; baseline -0.003 -12"><span class='ocrx_word' id='word_1_161' title='bbox 342 2011 593 2056; x_wconf 84' lang='lat' dir='ltr'>Ambrosius</span> <span class='ocrx_word' id='word_1_162' title='bbox 617 2011 840 2068; x_wconf 82' lang='lat' dir='ltr'>episcopus</span> <span class='ocrx_word' id='word_1_163' title='bbox 860 2010 962 2052; x_wconf 77' lang='lat' dir='ltr'>dixit</span> <span class='ocrx_word' id='word_1_164' title='bbox 981 2010 1235 2052; x_wconf 88' lang='lat' dir='ltr'>:Dominum</span> <span class='ocrx_word' id='word_1_165' title='bbox 1258 2018 1491 2068; x_wconf 80' lang='lat' dir='ltr'>potentem.</span> 
     </span>
    </p>

    <p class='ocr_par' dir='ltr' id='par_1_17' title="bbox 340 2081 1225 2137">
     <span class='ocr_line' id='line_1_27' title="bbox 340 2081 1225 2137; baseline 0 -14"><span class='ocrx_word' id='word_1_166' title='bbox 340 2081 550 2124; x_wconf 79' lang='lat' dir='ltr'>Palladius</span> <span class='ocrx_word' id='word_1_167' title='bbox 569 2082 672 2123; x_wconf 82' lang='lat' dir='ltr'>dixit</span> <span class='ocrx_word' id='word_1_168' title='bbox 695 2081 876 2123; x_wconf 84' lang='lat' dir='ltr'>:Filium</span> <span class='ocrx_word' id='word_1_169' title='bbox 894 2081 969 2122; x_wconf 84' lang='lat' dir='ltr'>Dei</span> <span class='ocrx_word' id='word_1_170' title='bbox 993 2089 1225 2137; x_wconf 78' lang='lat' dir='ltr'>potentem.</span> 
     </span>
    </p>

    <p class='ocr_par' dir='ltr' id='par_1_18' title="bbox 280 2152 1648 2562">
     <span class='ocr_line' id='line_1_28' title="bbox 339 2152 1648 2209; baseline -0.001 -14"><span class='ocrx_word' id='word_1_171' title='bbox 339 2152 526 2196; x_wconf 87' lang='lat' dir='ltr'><strong>XXXII.</strong></span> <span class='ocrx_word' id='word_1_172' title='bbox 564 2152 815 2194; x_wconf 75' lang='lat' dir='ltr'>Ambrosius</span> <span class='ocrx_word' id='word_1_173' title='bbox 838 2152 1061 2209; x_wconf 59' lang='lat' dir='ltr'>espiscopus</span> <span class='ocrx_word' id='word_1_174' title='bbox 1087 2153 1218 2194; x_wconf 85' lang='lat' dir='ltr'>dixit:</span> <span class='ocrx_word' id='word_1_175' title='bbox 1238 2153 1435 2195; x_wconf 80' lang='lat' dir='ltr'>Potentes</span> <span class='ocrx_word' id='word_1_176' title='bbox 1452 2160 1492 2195; x_wconf 83' lang='lat' dir='ltr'>et</span> <span class='ocrx_word' id='word_1_177' title='bbox 1513 2152 1648 2194; x_wconf 81' lang='lat' dir='ltr'>homi-</span> 
     </span>
     <span class='ocr_line' id='line_1_29' title="bbox 282 2223 1642 2281; baseline -0.001 -16"><span class='ocrx_word' id='word_1_178' title='bbox 282 2239 356 2266; x_wconf 82' lang='lat' dir='ltr'>nes</span> <span class='ocrx_word' id='word_1_179' title='bbox 383 2232 505 2272; x_wconf 79' lang='lat' dir='ltr'>sunt3</span> <span class='ocrx_word' id='word_1_180' title='bbox 532 2224 737 2281; x_wconf 70' lang='lat' dir='ltr'>scriptum</span> <span class='ocrx_word' id='word_1_181' title='bbox 773 2223 967 2264; x_wconf 79' lang='lat' dir='ltr'>estenim</span> <span class='ocrx_word' id='word_1_182' title='bbox 988 2239 995 2264; x_wconf 91' lang='lat'>:</span> <span class='ocrx_word' id='word_1_183' title='bbox 1015 2224 1162 2274; x_wconf 85' lang='lat' dir='ltr'>«Quid</span> <span class='ocrx_word' id='word_1_184' title='bbox 1188 2224 1376 2281; x_wconf 78' lang='lat' dir='ltr'>gloriaris</span> <span class='ocrx_word' id='word_1_185' title='bbox 1395 2224 1436 2265; x_wconf 89' lang='lat' dir='ltr'>in</span> <span class='ocrx_word' id='word_1_186' title='bbox 1460 2223 1642 2272; x_wconf 79' lang='lat' dir='ltr'>malitia,</span> 
     </span>
     <span class='ocr_line' id='line_1_30' title="bbox 289 2293 1640 2352; baseline 0 -18"><span class='ocrx_word' id='word_1_187' title='bbox 289 2313 304 2334; x_wconf 74' lang='lat' dir='ltr'><strong>n</strong></span> <span class='ocrx_word' id='word_1_188' title='bbox 320 2295 389 2350; x_wconf 85' lang='lat' dir='ltr'>qui</span> <span class='ocrx_word' id='word_1_189' title='bbox 409 2303 559 2352; x_wconf 86' lang='lat' dir='ltr'>potens</span> <span class='ocrx_word' id='word_1_190' title='bbox 582 2310 624 2336; x_wconf 81' lang='lat' dir='ltr'>es</span> <span class='ocrx_word' id='word_1_191' title='bbox 640 2295 681 2335; x_wconf 89' lang='lat' dir='ltr'>in</span> <span class='ocrx_word' id='word_1_192' title='bbox 706 2293 950 2350; x_wconf 47' lang='lat' dir='ltr'>iniquitat&amp;</span> <span class='ocrx_word' id='word_1_193' title='bbox 968 2293 985 2335; x_wconf 77' lang='grc' dir='ltr'>Ξ)</span> <span class='ocrx_word' id='word_1_194' title='bbox 1004 2294 1086 2336; x_wconf 85' lang='lat' dir='ltr'>»Et</span> <span class='ocrx_word' id='word_1_195' title='bbox 1107 2295 1204 2336; x_wconf 79' lang='lat' dir='ltr'>alibi</span> <span class='ocrx_word' id='word_1_196' title='bbox 1222 2311 1230 2336; x_wconf 95' lang='lat'>:</span> <span class='ocrx_word' id='word_1_197' title='bbox 1247 2312 1263 2332; x_wconf 85' lang='lat'>«</span> <span class='ocrx_word' id='word_1_198' title='bbox 1292 2295 1398 2336; x_wconf 91' lang='lat' dir='ltr'>Cum</span> <span class='ocrx_word' id='word_1_199' title='bbox 1423 2294 1614 2335; x_wconf 72' lang='lat' dir='ltr'>infirmor</span> <span class='ocrx_word' id='word_1_200' title='bbox 1629 2325 1640 2341; x_wconf 87' lang='lat'>‚</span> 
     </span>
     <span class='ocr_line' id='line_1_31' title="bbox 286 2363 1647 2421; baseline 0 -17"><span class='ocrx_word' id='word_1_201' title='bbox 286 2383 301 2404; x_wconf 72' lang='grc' dir='ltr'>ι)</span> <span class='ocrx_word' id='word_1_202' title='bbox 316 2373 418 2407; x_wconf 83' lang='lat' dir='ltr'>tnnc</span> <span class='ocrx_word' id='word_1_203' title='bbox 441 2372 590 2421; x_wconf 83' lang='lat' dir='ltr'>potens</span> <span class='ocrx_word' id='word_1_204' title='bbox 616 2379 708 2405; x_wconf 85' lang='lat' dir='ltr'>sum</span> <span class='ocrx_word' id='word_1_205' title='bbox 723 2363 753 2406; x_wconf 87' lang='lat'>³.</span> <span class='ocrx_word' id='word_1_206' title='bbox 777 2382 792 2403; x_wconf 84' lang='lat'>&gt;›</span> <span class='ocrx_word' id='word_1_207' title='bbox 818 2365 927 2406; x_wconf 69' lang='lat' dir='ltr'>Illud</span> <span class='ocrx_word' id='word_1_208' title='bbox 949 2380 969 2406; x_wconf 83' lang='lat' dir='ltr'>a</span> <span class='ocrx_word' id='word_1_209' title='bbox 985 2373 1023 2406; x_wconf 80' lang='lat' dir='ltr'>te</span> <span class='ocrx_word' id='word_1_210' title='bbox 1042 2365 1227 2421; x_wconf 77' lang='lat' dir='ltr'>requim,</span> <span class='ocrx_word' id='word_1_211' title='bbox 1248 2373 1294 2406; x_wconf 87' lang='lat' dir='ltr'>ut</span> <span class='ocrx_word' id='word_1_212' title='bbox 1315 2364 1552 2407; x_wconf 74' lang='lat' dir='ltr'>confitearis</span> <span class='ocrx_word' id='word_1_213' title='bbox 1565 2363 1647 2405; x_wconf 90' lang='lat' dir='ltr'>Do-</span> 
     </span>
     <span class='ocr_line' id='line_1_32' title="bbox 281 2434 1641 2491; baseline -0.001 -15"><span class='ocrx_word' id='word_1_214' title='bbox 281 2436 443 2476; x_wconf 85' lang='lat' dir='ltr'>minum</span> <span class='ocrx_word' id='word_1_215' title='bbox 467 2443 682 2491; x_wconf 80' lang='lat' dir='ltr'>potentem</span> <span class='ocrx_word' id='word_1_216' title='bbox 707 2449 800 2475; x_wconf 78' lang='lat' dir='ltr'>esse</span> <span class='ocrx_word' id='word_1_217' title='bbox 820 2435 1034 2476; x_wconf 70' lang='lat' dir='ltr'>Christum</span> <span class='ocrx_word' id='word_1_218' title='bbox 1050 2435 1125 2476; x_wconf 74' lang='lat' dir='ltr'>Dei</span> <span class='ocrx_word' id='word_1_219' title='bbox 1151 2435 1305 2476; x_wconf 75' lang='lat' dir='ltr'>Filium</span> <span class='ocrx_word' id='word_1_220' title='bbox 1322 2451 1331 2475; x_wconf 77' lang='lat' dir='ltr'><strong><em>z</em></strong></span> <span class='ocrx_word' id='word_1_221' title='bbox 1350 2443 1420 2476; x_wconf 84' lang='lat' dir='ltr'>aut</span> <span class='ocrx_word' id='word_1_222' title='bbox 1442 2449 1460 2475; x_wconf 89' lang='lat' dir='ltr'>s</span> <span class='ocrx_word' id='word_1_223' title='bbox 1482 2434 1641 2491; x_wconf 69' lang='lat' dir='ltr'>ipegas,</span> 
     </span>
     <span class='ocr_line' id='line_1_33' title="bbox 280 2504 1646 2562; baseline -0.001 -14"><span class='ocrx_word' id='word_1_224' title='bbox 280 2515 434 2549; x_wconf 73' lang='lat' dir='ltr'>astrue.</span> <span class='ocrx_word' id='word_1_225' title='bbox 464 2506 569 2549; x_wconf 81' lang='lat' dir='ltr'>Nam</span> <span class='ocrx_word' id='word_1_226' title='bbox 594 2507 665 2562; x_wconf 81' lang='lat' dir='ltr'>qui</span> <span class='ocrx_word' id='word_1_227' title='bbox 688 2521 816 2547; x_wconf 72' lang='lat' dir='ltr'><strong>unam</strong></span> <span class='ocrx_word' id='word_1_228' title='bbox 842 2506 1075 2562; x_wconf 76' lang='lat' dir='ltr'>potentiam</span> <span class='ocrx_word' id='word_1_229' title='bbox 1095 2506 1190 2548; x_wconf 89' lang='lat' dir='ltr'>dico</span> <span class='ocrx_word' id='word_1_230' title='bbox 1212 2506 1348 2548; x_wconf 71' lang='lat' dir='ltr'>Patris</span> <span class='ocrx_word' id='word_1_231' title='bbox 1370 2514 1411 2548; x_wconf 86' lang='lat' dir='ltr'>et</span> <span class='ocrx_word' id='word_1_232' title='bbox 1434 2505 1559 2555; x_wconf 87' lang='lat' dir='ltr'>Filii,</span> <span class='ocrx_word' id='word_1_233' title='bbox 1587 2504 1646 2547; x_wconf 89' lang='lat' dir='ltr'>sic</span> 
     </span>
    </p>
   </div>
   <div class='ocr_carea' id='block_1_3' title="bbox 330 2596 1214 2636">
    <p class='ocr_par' dir='ltr' id='par_1_19' title="bbox 330 2596 1214 2636">
     <span class='ocr_line' id='line_1_34' title="bbox 330 2596 1214 2636; baseline 0 -7"><span class='ocrx_word' id='word_1_234' title='bbox 330 2608 336 2622; x_wconf 88' lang='lat'>¹</span> <span class='ocrx_word' id='word_1_235' title='bbox 355 2599 441 2631; x_wconf 84' lang='lat' dir='ltr'><strong>Gen.</strong></span> <span class='ocrx_word' id='word_1_236' title='bbox 459 2609 482 2636; x_wconf 75' lang='grc' dir='ltr'>ι,</span> <span class='ocrx_word' id='word_1_237' title='bbox 502 2596 555 2629; x_wconf 78' lang='lat'>31.</span> <span class='ocrx_word' id='word_1_238' title='bbox 577 2615 614 2623; x_wconf 93' lang='lat'>—-</span> <span class='ocrx_word' id='word_1_239' title='bbox 633 2607 644 2621; x_wconf 79' lang='lat'><em>²</em></span> <span class='ocrx_word' id='word_1_240' title='bbox 661 2597 803 2633; x_wconf 55' lang='lat' dir='ltr'>Psalaa,</span> <span class='ocrx_word' id='word_1_241' title='bbox 817 2597 900 2629; x_wconf 81' lang='grc'>5.-</span> <span class='ocrx_word' id='word_1_242' title='bbox 920 2599 933 2619; x_wconf 81' lang='lat'>³</span> <span class='ocrx_word' id='word_1_243' title='bbox 955 2608 970 2627; x_wconf 84' lang='lat'><em>2</em></span> <span class='ocrx_word' id='word_1_244' title='bbox 987 2597 1059 2629; x_wconf 80' lang='lat' dir='ltr'>Cor.</span> <span class='ocrx_word' id='word_1_245' title='bbox 1082 2608 1142 2632; x_wconf 63' lang='grc' dir='ltr'>κει,</span> <span class='ocrx_word' id='word_1_246' title='bbox 1163 2608 1214 2629; x_wconf 83' lang='grc' dir='ltr'>ιο.</span> 
     </span>
    </p>
   </div>
  </div>
 </body>
</html>
