1774 3158
475 274 756 304 EPISTOLARUM
791 274 948 303 cLAss1s
982 277 1007 303 1.
1346 262 1429 320 389

78 366 180 409 vago
194 352 376 408 quodam
394 358 435 392 et
450 351 689 394 meretricio
707 351 897 408 gentium
915 366 1202 395 convenarum
1228 354 1431 396 comitatu

80 421 186 464 fulta
207 420 473 463 conducitur.

138 491 210 533 IX.
249 508 264 528 «
287 491 338 532 Εἰ
361 490 558 539 conduxi,
584 490 735 546 inquit,
761 505 854 531 eam
876 506 1024 548 gomor
1048 492 1219 540 hordei,
1238 501 1279 534 et
1304 493 1431 534 semi-

79 576 280 619 »gomor‚
316 569 357 602 et
396 561 515 601 nevel
547 559 673 601 viui’.
695 577 710 598 n
745 559 824 601 Per
855 559 1063 601 hordeum
1097 560 1306 616 significat
1335 562 1432 618 quia

80 631 345 688 imperfectos
368 638 538 672 vocaret
556 632 607 672 ad
628 628 755 671 fidem
771 661 782 677 ‚
803 637 849 671 ut
873 629 1081 686 perfectos
1104 631 1299 673 redderet
1321 647 1330 672 ε
1358 646 1432 688 per

79 716 226 757 gomor
246 701 493 758 intelligitur
513 702 637 758 plena
665 715 861 742 mensura
878 732 888 748 ,
913 715 986 757 per
1010 701 1272 756 semigomor
1307 702 1435 743 seini-

80 774 201 828 plena
218 787 427 813 mensura.
446 771 572 813 Plena
595 785 789 812 mensura
802 770 843 812 in
857 770 1084 827 Evangelio
1103 780 1189 819 est,
1206 771 1434 826 semiplena

81 843 121 884 in
143 842 252 898 Lege
267 873 278 888 ,
306 841 426 897 cujus
443 841 661 898 plenitudo
672 841 835 884 Novum
855 849 918 883 est
930 841 1264 883 Testamentum.
1291 840 1428 897 Siqui-

82 914 175 955 dem
206 913 295 969 ipse
318 911 523 953 Dominus
554 912 610 953 ait
637 927 645 953 :
675 929 689 950 α
709 912 802 954 Non
829 910 1102 969 veniLegem
1145 913 1331 960 solvere,
1363 912 1436 953 sed

81 983 323 1040 »implet-«22.
351 1001 365 1021 »

139 1054 195 1096 X.
232 1053 317 1096 Nec
337 1055 470 1096 otiose
493 1053 742 1111 quindecim
779 1054 1130 1095 anabathmorum
1155 1054 1339 1096 Psalmos
1363 1055 1440 1094 Da-

81 1123 240 1165 vidicos
257 1125 460 1181 legimus,
482 1133 523 1166 et
543 1123 786 1180 quindecim
806 1123 1004 1180 gradibus
1028 1123 1262 1164 ascendisse
1280 1124 1409 1164 solem
1428 1155 1436 1170 .

82 1209 179 1236 cum
202 1194 401 1236 Ezechias
425 1195 562 1251 justus
595 1210 667 1236 rex
698 1193 790 1235 vitae
825 1193 951 1249 hujus
985 1194 1197 1250 acciperet
1223 1209 1439 1235 commea-

83 1263 212 1305 tum³.
231 1263 558 1321 significabatur
581 1264 693 1305 enim
715 1278 806 1304 esse
824 1272 1027 1312 venturus
1046 1262 1118 1304 Sol
1139 1263 1353 1319 justitiaef‘‚
1370 1263 1440 1319 qui

83 1335 233 1392 gradus
253 1335 495 1391 quindecim
524 1334 688 1378 Veteris
711 1343 753 1376 et
776 1333 880 1376 Novi
899 1335 1160 1376 Testamenti
1186 1334 1442 1375 illuminatu-

84 1419 154 1446 rus
179 1413 288 1446 esset
317 1404 549 1461 praesentiae
570 1420 654 1446 sum
688 1404 872 1452 lumine,
904 1404 1057 1461 quibus
1082 1412 1226 1446 nostra
1254 1403 1355 1445 sides
1390 1405 1443 1445 ad

83 1475 210 1516 vitam
246 1475 435 1516 ascendit
468 1483 686 1516 aeternam.
733 1474 853 1515 Unde
886 1481 926 1514 et
970 1474 1052 1515 hoc
1089 1475 1203 1530 quod
1233 1473 1360 1515 hodie
1401 1473 1443 1515 in

83 1545 284 1602 Apostolo
308 1546 464 1587 lectum
484 1545 586 1593 est⁵,
604 1545 832 1602 mysticum
857 1559 978 1593 reor;
997 1560 1047 1586 eo
1067 1546 1180 1601 quod
1198 1544 1442 1601 quindecim

85 1616 232 1657 diebus
269 1617 378 1672 apud
403 1617 573 1658 Petrum
599 1614 828 1656 manserit:
858 1614 1025 1655 videtur
1063 1614 1174 1655 enin]
1204 1614 1306 1655 mihi
1331 1615 1445 1670 quod

84 1685 297 1742 Apostolis
322 1686 477 1727 sanctis
509 1686 737 1741 Scriptura}
761 1685 910 1726 divinae
945 1684 1336 1741 interpretationem
1363 1699 1446 1725 ser·

85 1772 212 1799 mone
239 1772 383 1798 secum
409 1756 524 1797 vario
555 1756 870 1796 conserentibus
894 1755 1004 1812 pleni
1035 1754 1206 1795 luminis
1238 1754 1448 1796 refulserit

87 1827 309 1873 claritudo,
331 1826 572 1883 ignorantiae
589 1826 737 1866 umbra
756 1824 998 1866 decesserit.
1018 1823 1102 1866 Sed
1123 1823 1209 1880 jam
1227 1824 1447 1866 veniamus

90 1897 142 1938 ad
164 1896 351 1938 mulieris
379 1896 506 1952 hujus
532 1897 729 1938 adultorae
756 1895 1086 1936 absolutionem.

144 1967 220 2010 XI.
259 1967 410 2009 Oblata
447 1975 535 2008 erat
573 1981 594 2008 a
622 1966 779 2008 Scribis
812 1974 856 2008 et
886 1964 1106 2008 Pharisaeis
1142 1965 1323 2007 Domino
1346 1964 1448 2007 Jcsu

90 2037 282 2081 adulterii
305 2053 373 2079 rea
391 2070 400 2085 ,
421 2046 462 2080 et
484 2037 564 2078 hac
588 2038 726 2078 oblata
749 2036 898 2078 fraude
915 2068 926 2084 ,
946 2044 993 2077 ut
1010 2035 1043 2077 si
1065 2049 1158 2077 eam
1184 2035 1444 2083 absolveret,

88 2109 243 2166 Legem
272 2109 432 2150 solvere
464 2107 701 2150 videretur⁶
735 2123 744 2148 τ
778 2107 839 2148 sin
863 2122 962 2149 vero
987 2107 1232 2154 damnaret,
1262 2106 1451 2164 proposi-

88 2186 178 2221 tum
206 2178 269 2220 sui
304 2186 491 2220 mutaret
512 2179 744 2226 adventusg
769 2177 865 2234 quia
895 2185 1068 2234 peccata
1093 2176 1283 2217 omnium
1307 2175 1450 2217 remis-

89 2263 210 2290 surus
247 2248 428 2289 advenit.
473 2248 666 2304 Denique
712 2263 837 2304 supra
876 2248 932 2289 ait
975 2262 985 2288 :
1021 2265 1035 2285 α
1060 2246 1147 2303 Ego
1185 2261 1270 2288 non
1306 2246 1450 2303 judico

90 2317 413 2375 »quemquam⁷.
439 2336 453 2355 n
479 2317 715 2359 Offerentes
743 2333 844 2375 ergo
879 2332 997 2364 eam,
1035 2317 1232 2358 dixerunt
1258 2331 1267 2357 ι
1290 2334 1304 2354 α
1332 2316 1452 2357 lianc

91 2389 343 2430 »mulierem
371 2387 605 2430 invenimus
629 2388 799 2446 publice
821 2388 1123 2430 moechantem.
1146 2386 1362 2445 Scriptum
1390 2394 1453 2428 est

138 2518 146 2532 ¹
165 2509 259 2541 Osee.
281 2519 332 2548 ιιι,
352 2520 379 2540 2.
399 2527 437 2533 —
456 2518 468 2532 ²
487 2508 609 2542 Mattb.
627 2518 657 2544 v,
678 2517 724 2550 17.
740 2526 778 2532 —-
796 2509 809 2532 ³
828 2508 905 2540 lsai.
922 2518 1064 2544 xxxviii,
1089 2506 1118 2538 8.
1132 2523 1170 2531 -
1196 2508 1209 2534 ⁴
1225 2506 1339 2538 Malae.
1357 2516 1401 2545 iv,
1418 2516 1451 2537 π.

93 2582 132 2589 -
153 2563 284 2596 ⁵Galat.
304 2565 451 2603 =‚18.—
468 2565 483 2586 ⁶
503 2564 599 2596 Joan.
613 2573 686 2602 vm,
707 2563 739 2600 3,
756 2568 787 2596 et
798 2573 890 2606 seqq.
906 2580 943 2588 -
965 2562 1134 2600 ⁷1d.v1u‚
1155 2562 1202 2592 15.
