1774 3158
514 233 794 262 zrtsToLAnnM
829 235 983 263 CLA‘SIS
1018 237 1042 263 ι.
1380 216 1459 278 367

113 320 394 370 praecaventes
419 313 583 360 sutura,
612 313 683 353 sed
705 313 829 354 etiam
855 314 1063 368 praeterita
1079 344 1090 361 ,
1110 328 1201 370 quae
1226 314 1307 370 jam
1334 314 1462 372 ipsius

113 384 350 427 temeritate
377 392 490 440 gesta
513 393 632 428 sunt,
656 383 1040 438 perhorrescentes.
1082 383 1184 426 Nam
1210 386 1241 426 si
1279 386 1460 441 aliquam

113 456 220 497 viam
241 462 388 496 nactus
410 454 535 494 suerit
559 453 741 494 audaciae
760 483 769 500 ‚
792 453 890 508 quid
910 467 992 494 non
1023 454 1090 494 ille
1110 455 1374 496 confundat?

171 524 245 566 Ill.
283 524 366 565 Sed
388 524 420 565 si
447 524 569 564 unius
587 523 798 564 miseratio
824 537 895 564 vos
919 523 1134 564 inflectere
1155 532 1306 579 potest,
1326 527 1460 566 multo

114 594 245 651 magis
277 608 349 635 vos
379 593 567 649 precatio
600 592 788 633 omnium
821 601 987 634 moveat
1026 594 1306 636 sacerdotum.
1354 595 1460 646 Quis

115 665 227 706 enim
251 673 440 707 nostrum
471 664 508 704 ei
530 664 839 705 communionis
875 665 1073 705 societate
1100 664 1322 721 jungetur,
1361 679 1458 706 cum

114 735 350 776 indebitum
374 735 451 776 sibi
474 736 650 790 gradum
678 746 881 790 usurpare
905 742 1081 775 conatus
1099 734 1170 781 sit,
1192 749 1269 775 nec
1292 734 1384 789 iure
1410 735 1462 776 ad

112 819 208 845 eum
230 803 412 860 potuerit
429 803 670 859 pervenire3
691 811 732 843 et
750 816 873 858 quem
894 803 1133 859 importune
1155 803 1363 845 affectavit
1382 804 1462 844 im-

114 873 413 929 portunissime
433 882 621 929 repetere
641 873 872 914 moliatur?
894 874 1132 915 Turbarum
1150 874 1270 915 toties
1294 875 1463 915 damna-

115 953 198 991 tus,
225 944 383 986 incedit
403 942 542 985 adhuc
565 943 680 999 quasi
706 944 928 1000 praeteritis
952 959 1036 985 non
1077 945 1465 1001 perhorrescendus

112 1015 328 1071 exemplis.
355 1014 438 1065 Qui
462 1015 711 1071 plerumque
742 1015 877 1067 (sicut
900 1015 939 1055 in
965 1015 1045 1056 hoc
1082 1015 1271 1057 Concilio
1306 1027 1459 1073 coguo-

113 1084 273 1133 vimus‚
313 1092 355 1125 et
395 1084 600 1139 vidimus)
629 1098 724 1125 cum
749 1083 934 1125 Arrianis
953 1085 1172 1141 copulatus
1211 1094 1336 1142 atque
1363 1100 1460 1128 con-

113 1154 286 1210 junctus
308 1163 396 1195 erat
418 1169 468 1195 eo
490 1163 681 1211 tempore
699 1187 708 1202 ,
735 1170 816 1210 quo
831 1155 1000 1196 turbare
1018 1156 1371 1198 Mediolanensem
1391 1156 1467 1198 Ee-

113 1225 282 1266 clesiam
306 1233 420 1266 coetu
450 1225 685 1266 detestabili
709 1225 959 1267 moliebatur
988 1240 1087 1281 cum
1114 1225 1285 1267 Valente
1311 1241 1320 1267 :
1347 1241 1462 1268 nunc

119 1304 213 1337 ante
231 1295 461 1353 Synagogze
485 1296 618 1342 sores,
645 1311 757 1336 nunc
779 1296 819 1336 in
840 1296 1114 1338 Arrianorum
1143 1297 1338 1338 domibus
1360 1297 1463 1339 mis-

113 1380 211 1407 cens
230 1368 394 1407 occulta
411 1365 605 1412 concilia,
630 1373 671 1406 et
693 1379 789 1405 suos
811 1366 868 1406 eis
887 1365 1079 1421 jungens;
1098 1373 1139 1406 et
1161 1366 1358 1422 quoniam
1374 1365 1462 1423 ipse

114 1443 256 1491 aperte
279 1435 320 1475 in
341 1449 490 1476 eorum
509 1434 855 1490 congregationes
872 1435 1040 1491 prodire
1062 1446 1145 1476 non
1168 1442 1359 1492 poterat,
1380 1436 1464 1477 ins-

112 1513 258 1546 truens
281 1513 323 1546 et
346 1505 574 1546 informans
598 1505 954 1560 quemadmodum
981 1518 1059 1561 pax
1092 1505 1291 1546 Ecclesiae
1313 1505 1463 1548 turba-

111 1584 232 1617 retur
269 1591 278 1615 :
313 1590 494 1632 quorum
516 1575 658 1616 surore
693 1575 948 1632 respirabat,
987 1577 1101 1631 quod
1133 1589 1281 1618 eorum
1325 1584 1464 1634 posset

112 1646 299 1688 fautores
319 1654 360 1687 et
382 1646 518 1688 socios
536 1645 729 1687 emereri.
782 1659 803 1674 ἕ·
904 1657 912 1672 ν·

169 1717 236 1760 IV.
276 1717 383 1759 Cum
407 1717 534 1774 igitur
553 1706 767 1773 ‘scriptum
791 1717 868 1758 sit:
892 1733 907 1754 ι
926 1717 1180 1759 Haereticum
1209 1726 1303 1774 post
1329 1728 1459 1761 unam

113 1785 452 1843 »correptionem
476 1786 632 1828 devita¹
650 1803 660 1833 ;
681 1805 695 1824 n
720 1801 816 1827 cum
840 1795 882 1827 et
911 1787 1015 1827 alius
1039 1788 1100 1827 vir
1121 1796 1265 1829 sancto
1299 1789 1464 1830 locutus

111 1856 271 1913 Spiritu
288 1888 297 1903 ‚
318 1856 467 1897 dixerit
490 1855 760 1896 declinandas
783 1855 1029 1910 hujusmodi
1053 1856 1208 1897 bestias
1224 1888 1234 1903 ‚
1254 1872 1332 1898 nec
1350 1858 1461 1898 salu-

112 1926 269 1966 tatione
304 1924 622 1981 recipiendas²‚
653 1939 789 1980 neque
819 1940 1044 1981 congressu
1075 1940 1084 1966 ε
1125 1927 1338 1981 quomodo
1370 1925 1462 1969 fieri

113 2003 275 2052 potest,
297 2002 343 2035 ut
361 2009 457 2036 eum
482 2009 608 2050 quem
640 1994 828 2035 societati
852 2009 999 2035 eorum
1026 1995 1229 2036 insertum
1252 1996 1433 2038 vidimus
1450 2029 1460 2044 ‚

110 2079 195 2106 non
214 2064 340 2105 etiam
369 2073 617 2105 assertorem
638 2063 823 2120 persidiae
850 2064 1123 2119 judicemus?
1147 2065 1259 2122 Quid
1281 2066 1405 2107 etiam
1430 2067 1463 2108 si

112 2134 302 2176 deforet?
327 2144 464 2176 tamen
485 2135 610 2176 totius
634 2135 747 2176 orbis
775 2135 946 2176 Romani
975 2145 1103 2191 caput
1123 2136 1357 2178 Romanam
1379 2138 1460 2178 Ec-

113 2194 308 2251 clesiam,
335 2212 459 2259 atque
489 2204 602 2246 illam
636 2214 948 2246 sacrosanctam
981 2206 1281 2261 Apostolorum
1305 2205 1431 2248 fidem
1449 2240 1459 2256 ,

112 2290 164 2316 ne
204 2275 363 2316 turbari
401 2275 578 2321 sineret,
616 2275 872 2316 obsecranda
923 2275 1000 2316 suit
1034 2275 1256 2317 clementia
1295 2286 1457 2325 vestra3

111 2345 209 2386 inde
234 2344 345 2386 enim
374 2345 414 2385 in
443 2359 588 2385 omnes
616 2346 864 2386 venerandae
888 2346 1197 2387 communionis
1220 2345 1311 2401 jura
1331 2347 1462 2388 ‹linia-

110 2423 223 2456 nant.
252 2415 303 2456 Et
328 2415 422 2456 ideo
454 2415 633 2470 potimus
656 2424 698 2456 et
730 2431 927 2471 rogamus
959 2425 1004 2457 ut
1039 2416 1272 2472 obrependi
1300 2416 1337 2458 ei
1371 2416 1460 2457 adi-

110 2498 226 2525 mere
249 2484 476 2541 dignemini
495 2484 758 2526 facultatem.

158 2583 166 2596 ¹
195 2573 327 2607 Tit-111.
348 2584 396 2607 ιο.
415 2572 454 2597 -”
470 2582 482 2596 ⁸
505 2585 521 2605 2
537 2573 634 2605 Joan.
652 2585 682 2605 x.
