1774 3158
551 299 645 327 ALIA
678 299 895 328 EXPOSITIO
928 300 1051 328 FIDEI.
1399 305 1473 347 171

138 379 330 421 humanae
353 377 488 420 carnis
501 377 541 419 in
560 377 727 420 Christo
747 376 950 435 derogant
972 379 1211 431 veritatem;
1232 392 1274 425 et
1290 383 1480 441 religiose

137 448 341 490 aestimant
366 447 508 497 credi,
534 447 565 489 si
586 447 750 490 dicatur
769 448 809 488 in
832 447 1048 491 Salvatore
1066 459 1209 492 nostro
1234 468 1377 495 verum
1396 469 1480 496 non

136 535 224 561 esse
245 520 358 576 quod
384 520 537 566 salvat;
562 534 657 560 cum
681 519 734 560 ita
750 520 983 561 secundum
1003 514 1323 577 promissionem
1340 525 1479 566 omnia

135 592 284 632 saecula
324 598 652 646 praecurrentem
686 591 870 631 mundus
913 591 963 632 sit
1003 590 1091 632 Deo
1121 595 1417 637 reconciliatus
1440 596 1481 637 in

135 659 301 701 Christo
317 692 327 707 ,
347 667 392 700 ut
410 659 487 700 nisi
512 659 693 701 Verbum
715 660 958 716 dignaretur
980 675 1077 702 caro
1100 660 1189 702 fieri
1211 695 1221 709 ,
1251 665 1363 704 nulla
1383 679 1479 706 caro

134 738 274 786 posset
286 729 448 771 salvari.
470 729 739 771 Enucleatius
754 738 892 771 autem
906 731 1121 772 declarare
1139 730 1236 773 fidei
1248 746 1482 775 sacramen-

136 808 223 841 tum
243 831 252 846 ,
290 807 332 840 et
360 798 615 840 confundere
643 799 882 840 haereticam
922 800 1191 855 pravitatem,
1233 809 1352 842 tuum
1388 811 1478 850 est,

134 877 254 926 pater
277 868 432 926 optime
459 869 730 926 Hieronyme.
758 871 847 911 Hoc
879 885 1011 911 unum
1058 885 1131 912 oro
1170 880 1212 913 et
1239 873 1444 928 deprecor
1469 906 1479 921 ,

134 940 215 980 mei
235 948 279 981 ut
295 954 456 981 memor
473 940 526 982 sis
552 939 811 997 frequentius
832 974 841 989 ,
868 941 1140 984 invictissime
1164 942 1282 984 miles
1301 942 1473 985 Christi.

135 1008 284 1051 Amen.
711 1021 714 1024 “

133 1168 375 1181 ..ΑΜἏΜι-ιι
384 1170 624 1181 νιψνςιἎἏὼπ
632 1170 748 1181 ςιιιιπ
754 1170 1179 1185 ,ιιιιιιἋιναωιὌ-,ινς
1186 1171 1487 1183 §az-§.mmmm

465 1292 593 1335 ALIA
626 1292 921 1336 EXPOSITIO
952 1292 1100 1335 FIDEI
1116 1293 1148 1334 ¹.

189 1430 453 1471 Pssori‘rmma
482 1442 556 1469 nos
578 1429 750 1470 credere
773 1427 1070 1470 indivisibilem
1093 1437 1135 1469 et
1158 1429 1479 1486 inseparabilem

134 1508 321 1541 sanctam
343 1499 587 1540 Trinitatem
605 1531 615 1548 ,
640 1498 723 1539 hoc
748 1506 832 1544 est,
861 1498 1029 1539 Patrem
1051 1507 1092 1539 et
1118 1498 1272 1540 Filium
1296 1508 1337 1541 et
1358 1499 1484 1557 Spiri-

135 1578 223 1611 tum
247 1578 438 1610 sanctum
456 1602 466 1617 ,
489 1583 620 1609 unum
642 1568 778 1609 Deum
796 1601 805 1614 ‚
831 1568 885 1608 ita
910 1583 1041 1609 unum
1063 1577 1106 1610 et
1123 1569 1280 1610 trinum
1299 1601 1310 1615 .
1347 1578 1390 1611 et
1428 1570 1484 1611 ita

134 1640 290 1680 trinum
316 1646 358 1679 et
378 1628 535 1686 unnm3
561 1636 811 1678 Trinitatem
837 1638 878 1678 in
904 1638 1113 1679 distinctis
1139 1647 1263 1695 atque
1295 1639 1485 1680 discretis

134 1709 345 1766 personis:
367 1708 449 1750 hoc
471 1716 534 1749 est
547 1740 556 1755 ‚
581 1707 745 1748 Patrem
760 1722 809 1748 ex
826 1723 908 1763 quo
922 1708 1078 1756 omnia,
1098 1708 1251 1750 Filium
1270 1724 1344 1766 per
1361 1724 1485 1766 quem

134 1781 296 1833 omnia,
322 1780 525 1837 Spiritum
559 1787 753 1820 sanctum
792 1780 830 1820 in
865 1794 947 1834 quo
981 1780 1151 1828 omnia3
1187 1781 1311 1821 unius
1344 1789 1485 1822 tamen

135 1851 298 1894 deitatis
316 1883 324 1897 ,
348 1850 472 1891 unius
494 1849 684 1890 essentiae
704 1883 714 1898 ,
749 1849 959 1905 uniusque
996 1850 1262 1898 substantiae,
1290 1851 1331 1891 in
1354 1851 1489 1892 tribus

135 1921 304 1977 quidem
323 1919 600 1961 subsistentiis
619 1935 690 1960 seu
704 1919 910 1976 personis,
925 1927 972 1960 ut
988 1919 1109 1960 Pater
1122 1920 1244 1961 Pater
1266 1920 1337 1967 sit,
1357 1920 1486 1962 Filius

132 1991 262 2034 Filius
273 1991 340 2038 sit,
355 1990 534 2047 Spiritus
552 1997 722 2031 sanctus
737 1990 916 2047 Spiritus
926 1998 1094 2031 sanctus
1105 1990 1172 2039 sit,
1189 1990 1230 2032 in
1244 2006 1325 2032 una
1338 1999 1485 2032 natura

134 2077 300 2118 unaque
318 2060 569 2109 substantia,
598 2069 643 2101 ut
665 2061 774 2102 Deus
798 2076 905 2102 unus
924 2069 966 2101 et
988 2061 1099 2101 solus
1121 2070 1162 2102 et
1184 2076 1374 2102 summus
1392 2076 1484 2103 ere-

133 2135 271 2176 datur.
299 2132 391 2175 Non
408 2141 489 2173 tres
503 2140 661 2173 naturae
684 2131 1027 2179 introducentes,
1053 2140 1099 2173 ut
1123 2131 1270 2173 Arrius
1297 2132 1490 2190 blasphe-

129 2213 238 2251 mat,
265 2202 335 2258 qui
358 2211 440 2243 tres
464 2203 563 2243 deos
584 2201 823 2258 praedicavit
841 2234 850 2248 ‚
880 2202 1249 2249 excellentiorem,
1277 2202 1483 2243 minorem

130 2282 172 2315 et
188 2272 443 2314 inferiorem.
472 2271 554 2313 Nos
576 2286 673 2312 vero
692 2279 880 2312 sanctam
902 2270 1150 2313 Trinitatem
1170 2272 1210 2312 in
1229 2272 1392 2313 unitate
1410 2304 1421 2320 ,
1446 2282 1486 2314 et

121 2329 336 2384 'unitatem
360 2342 403 2382 in
423 2350 563 2383 sancta
589 2341 795 2384 Trinitate
819 2340 1086 2383 confitemur.
1130 2341 1235 2383 Nam
1261 2356 1355 2384 cum
1382 2342 1488 2384 dici-

128 2429 221 2455 mus
239 2413 570 2468 omnipotentem
593 2412 757 2452 Patrem
776 2444 785 2458 ‚
824 2407 1048 2468 appellatio
1071 2411 1196 2467 hujus
1219 2411 1382 2468 paterni
1411 2427 1486 2452 no-

130 2482 253 2525 minis
271 2483 322 2523 ad
338 2482 431 2523 Filii
455 2496 679 2538 personam
705 2481 949 2522 attenditur.
977 2481 1143 2522 Etcum
1169 2479 1347 2522 dicimus
1370 2489 1486 2521 aeter-

181 2596 189 2610 ¹
212 2587 259 2617 Ex
275 2587 406 2628 antiqno
423 2586 529 2618 codice
546 2585 713 2623 Vaticano,
732 2584 808 2615 olim
825 2583 990 2621 Bobierffl,
1009 2588 1078 2625 post
1097 2582 1193 2614 libros
1212 2581 1245 2613 S.
1263 2581 1428 2623 Augustini
1447 2580 1486 2613 de

136 2640 308 2673 Trinitate-
