<?xml version="1.0" encoding="UTF-8"?>
<!DOCTYPE html PUBLIC "-//W3C//DTD XHTML 1.0 Transitional//EN"
    "http://www.w3.org/TR/xhtml1/DTD/xhtml1-transitional.dtd">
<html xmlns="http://www.w3.org/1999/xhtml" xml:lang="en" lang="en">
 <head>
  <title>
</title>
<meta http-equiv="Content-Type" content="text/html;charset=utf-8" />
  <meta name='ocr-system' content='tesseract 3.04.00' />
  <meta name='ocr-capabilities' content='ocr_page ocr_carea ocr_par ocr_line ocrx_word'/>
</head>
<body>
  <div class='ocr_page' id='page_1' title='image "./omniaequaeextant08ambruoft_0542.png"; bbox 0 0 1774 3158; ppageno 0'>
   <div class='ocr_carea' id='block_1_1' title="bbox 243 239 1079 282">
    <p class='ocr_par' dir='ltr' id='par_1_1' title="bbox 243 239 1079 282">
     <span class='ocr_line' id='line_1_1' title="bbox 243 239 1079 282; baseline 0.002 -3"><span class='ocrx_word' id='word_1_1' title='bbox 243 239 324 279; x_wconf 79' lang='lat'>522</span> <span class='ocrx_word' id='word_1_2' title='bbox 743 252 1079 282; x_wconf 77' lang='lat' dir='ltr'><strong>ANNOTATIONES.</strong></span> 
     </span>
    </p>
   </div>
   <div class='ocr_carea' id='block_1_2' title="bbox 239 325 1588 459">
    <p class='ocr_par' dir='ltr' id='par_1_2' title="bbox 239 325 1588 459">
     <span class='ocr_line' id='line_1_2' title="bbox 239 325 1588 388; baseline 0.004 -20"><span class='ocrx_word' id='word_1_3' title='bbox 239 327 342 369; x_wconf 88' lang='lat' dir='ltr'>illisa</span> <span class='ocrx_word' id='word_1_4' title='bbox 365 325 474 369; x_wconf 82' lang='lat' dir='ltr'>esset</span> <span class='ocrx_word' id='word_1_5' title='bbox 488 360 498 376; x_wconf 90' lang='lat'>,</span> <span class='ocrx_word' id='word_1_6' title='bbox 532 328 675 370; x_wconf 84' lang='lat' dir='ltr'>tandiu</span> <span class='ocrx_word' id='word_1_7' title='bbox 695 329 939 386; x_wconf 82' lang='lat' dir='ltr'>sanguinem</span> <span class='ocrx_word' id='word_1_8' title='bbox 963 331 1058 372; x_wconf 85' lang='lat' dir='ltr'>indo</span> <span class='ocrx_word' id='word_1_9' title='bbox 1079 330 1272 380; x_wconf 87' lang='lat' dir='ltr'>fluxisse,</span> <span class='ocrx_word' id='word_1_10' title='bbox 1291 333 1430 388; x_wconf 83' lang='lat' dir='ltr'>quoad</span> <span class='ocrx_word' id='word_1_11' title='bbox 1447 331 1588 374; x_wconf 87' lang='lat' dir='ltr'>omnia</span> 
     </span>
     <span class='ocr_line' id='line_1_3' title="bbox 240 397 1525 459; baseline 0.003 -21"><span class='ocrx_word' id='word_1_12' title='bbox 240 397 483 439; x_wconf 86' lang='lat' dir='ltr'>linteamina</span> <span class='ocrx_word' id='word_1_13' title='bbox 509 406 552 440; x_wconf 86' lang='lat' dir='ltr'>et</span> <span class='ocrx_word' id='word_1_14' title='bbox 576 400 663 440; x_wconf 85' lang='lat' dir='ltr'>vela</span> <span class='ocrx_word' id='word_1_15' title='bbox 682 399 974 442; x_wconf 86' lang='lat' dir='ltr'>Ecclesiastica</span> <span class='ocrx_word' id='word_1_16' title='bbox 999 399 1155 442; x_wconf 79' lang='lat' dir='ltr'>affatim</span> <span class='ocrx_word' id='word_1_17' title='bbox 1178 415 1227 442; x_wconf 87' lang='lat' dir='ltr'>eo</span> <span class='ocrx_word' id='word_1_18' title='bbox 1249 401 1525 459; x_wconf 84' lang='lat' dir='ltr'>tingerentur.</span> 
     </span>
    </p>
   </div>
   <div class='ocr_carea' id='block_1_3' title="bbox 577 551 1253 609">
    <p class='ocr_par' dir='ltr' id='par_1_3' title="bbox 577 551 1253 609">
     <span class='ocr_line' id='line_1_4' title="bbox 577 551 1253 609; baseline 0.004 -17"><span class='ocrx_word' id='word_1_19' title='bbox 577 564 823 592; x_wconf 78' lang='lat' dir='ltr'>ANNOTATlo</span> <span class='ocrx_word' id='word_1_20' title='bbox 862 551 987 607; x_wconf 74' lang='lat'>(134)</span> <span class='ocrx_word' id='word_1_21' title='bbox 1027 567 1117 609; x_wconf 83' lang='lat' dir='ltr'>pag.</span> <span class='ocrx_word' id='word_1_22' title='bbox 1157 552 1253 603; x_wconf 75' lang='grc'>364.</span> 
     </span>
    </p>
   </div>
   <div class='ocr_carea' id='block_1_4' title="bbox 240 684 1597 951">
    <p class='ocr_par' dir='ltr' id='par_1_4' title="bbox 240 684 1597 951">
     <span class='ocr_line' id='line_1_5' title="bbox 301 684 1596 742; baseline -0.001 -16"><span class='ocrx_word' id='word_1_23' title='bbox 301 684 415 736; x_wconf 85' lang='lat' dir='ltr'>Quid</span> <span class='ocrx_word' id='word_1_24' title='bbox 452 684 533 726; x_wconf 91' lang='lat' dir='ltr'>hoc</span> <span class='ocrx_word' id='word_1_25' title='bbox 574 686 667 726; x_wconf 91' lang='lat' dir='ltr'>loco</span> <span class='ocrx_word' id='word_1_26' title='bbox 696 685 929 742; x_wconf 88' lang='lat' dir='ltr'>expressius</span> <span class='ocrx_word' id='word_1_27' title='bbox 976 685 1027 726; x_wconf 87' lang='lat' dir='ltr'>ad</span> <span class='ocrx_word' id='word_1_28' title='bbox 1070 699 1210 726; x_wconf 84' lang='lat' dir='ltr'>veram</span> <span class='ocrx_word' id='word_1_29' title='bbox 1250 693 1292 726; x_wconf 90' lang='lat' dir='ltr'>et</span> <span class='ocrx_word' id='word_1_30' title='bbox 1332 685 1596 741; x_wconf 81' lang='lat' dir='ltr'>corporalem</span> 
     </span>
     <span class='ocr_line' id='line_1_6' title="bbox 244 754 1595 812; baseline 0 -16"><span class='ocrx_word' id='word_1_31' title='bbox 244 754 396 796; x_wconf 75' lang='lat' dir='ltr'>Christi</span> <span class='ocrx_word' id='word_1_32' title='bbox 419 755 460 796; x_wconf 90' lang='lat' dir='ltr'>in</span> <span class='ocrx_word' id='word_1_33' title='bbox 484 755 601 796; x_wconf 88' lang='lat' dir='ltr'>altari</span> <span class='ocrx_word' id='word_1_34' title='bbox 627 770 745 796; x_wconf 86' lang='lat' dir='ltr'>sacro</span> <span class='ocrx_word' id='word_1_35' title='bbox 768 754 1030 811; x_wconf 79' lang='lat' dir='ltr'>praesentiam</span> <span class='ocrx_word' id='word_1_36' title='bbox 1056 755 1316 810; x_wconf 77' lang='lat' dir='ltr'>probandam</span> <span class='ocrx_word' id='word_1_37' title='bbox 1341 754 1422 796; x_wconf 86' lang='lat' dir='ltr'>dici</span> <span class='ocrx_word' id='word_1_38' title='bbox 1443 755 1595 812; x_wconf 81' lang='lat' dir='ltr'>possit,</span> 
     </span>
     <span class='ocr_line' id='line_1_7' title="bbox 243 824 1597 881; baseline 0 -16"><span class='ocrx_word' id='word_1_39' title='bbox 243 840 341 866; x_wconf 86' lang='lat' dir='ltr'>sane</span> <span class='ocrx_word' id='word_1_40' title='bbox 360 839 442 866; x_wconf 92' lang='lat' dir='ltr'>non</span> <span class='ocrx_word' id='word_1_41' title='bbox 461 824 664 866; x_wconf 86' lang='lat' dir='ltr'>videmus.</span> <span class='ocrx_word' id='word_1_42' title='bbox 689 824 840 866; x_wconf 90' lang='lat' dir='ltr'>Omnia</span> <span class='ocrx_word' id='word_1_43' title='bbox 859 824 967 865; x_wconf 88' lang='lat' dir='ltr'>illius</span> <span class='ocrx_word' id='word_1_44' title='bbox 990 825 1112 865; x_wconf 86' lang='lat' dir='ltr'>verba</span> <span class='ocrx_word' id='word_1_45' title='bbox 1134 826 1396 881; x_wconf 74' lang='lat' dir='ltr'><strong>perpendant</strong></span> <span class='ocrx_word' id='word_1_46' title='bbox 1413 824 1597 872; x_wconf 82' lang='lat' dir='ltr'>sectarii,</span> 
     </span>
     <span class='ocr_line' id='line_1_8' title="bbox 240 893 1594 951; baseline 0.001 -15"><span class='ocrx_word' id='word_1_47' title='bbox 240 903 283 937; x_wconf 85' lang='lat' dir='ltr'>et</span> <span class='ocrx_word' id='word_1_48' title='bbox 296 895 328 936; x_wconf 87' lang='lat' dir='ltr'>si</span> <span class='ocrx_word' id='word_1_49' title='bbox 342 895 443 951; x_wconf 86' lang='lat' dir='ltr'>quid</span> <span class='ocrx_word' id='word_1_50' title='bbox 456 895 513 937; x_wconf 84' lang='lat' dir='ltr'>eis</span> <span class='ocrx_word' id='word_1_51' title='bbox 533 894 630 936; x_wconf 85' lang='lat' dir='ltr'>insit</span> <span class='ocrx_word' id='word_1_52' title='bbox 644 893 895 935; x_wconf 80' lang='lat' dir='ltr'>sinceritatis</span> <span class='ocrx_word' id='word_1_53' title='bbox 909 909 955 936; x_wconf 80' lang='lat' dir='ltr'>ac</span> <span class='ocrx_word' id='word_1_54' title='bbox 970 895 1089 936; x_wconf 86' lang='lat' dir='ltr'>bonae</span> <span class='ocrx_word' id='word_1_55' title='bbox 1104 894 1217 944; x_wconf 82' lang='lat' dir='ltr'>fidei,</span> <span class='ocrx_word' id='word_1_56' title='bbox 1231 911 1317 937; x_wconf 88' lang='lat' dir='ltr'>rem</span> <span class='ocrx_word' id='word_1_57' title='bbox 1334 896 1594 938; x_wconf 83' lang='lat' dir='ltr'>fatebuntur.</span> 
     </span>
    </p>
   </div>
   <div class='ocr_carea' id='block_1_5' title="bbox 586 1028 1257 1086">
    <p class='ocr_par' dir='ltr' id='par_1_5' title="bbox 586 1028 1257 1086">
     <span class='ocr_line' id='line_1_9' title="bbox 586 1028 1257 1086; baseline -0.001 -14"><span class='ocrx_word' id='word_1_58' title='bbox 586 1044 830 1072; x_wconf 73' lang='lat' dir='ltr'>ANNouTm</span> <span class='ocrx_word' id='word_1_59' title='bbox 866 1028 990 1086; x_wconf 81' lang='lat'><strong>(135)</strong></span> <span class='ocrx_word' id='word_1_60' title='bbox 1028 1045 1119 1086; x_wconf 83' lang='lat' dir='ltr'>pag.</span> <span class='ocrx_word' id='word_1_61' title='bbox 1161 1029 1257 1071; x_wconf 85' lang='lat'>365.</span> 
     </span>
    </p>
   </div>
   <div class='ocr_carea' id='block_1_6' title="bbox 251 1164 1631 2624">
    <p class='ocr_par' dir='ltr' id='par_1_6' title="bbox 251 1164 1631 2624">
     <span class='ocr_line' id='line_1_10' title="bbox 313 1164 1605 1221; baseline -0.002 -13"><span class='ocrx_word' id='word_1_62' title='bbox 313 1166 425 1209; x_wconf 90' lang='lat' dir='ltr'>Nihil</span> <span class='ocrx_word' id='word_1_63' title='bbox 463 1164 544 1207; x_wconf 83' lang='lat' dir='ltr'>hoc</span> <span class='ocrx_word' id='word_1_64' title='bbox 581 1164 787 1206; x_wconf 88' lang='lat' dir='ltr'>miraculo</span> <span class='ocrx_word' id='word_1_65' title='bbox 828 1164 984 1205; x_wconf 86' lang='lat' dir='ltr'>certius</span> <span class='ocrx_word' id='word_1_66' title='bbox 1008 1172 1077 1205; x_wconf 77' lang='lat' dir='ltr'>aut</span> <span class='ocrx_word' id='word_1_67' title='bbox 1110 1164 1486 1221; x_wconf 32' lang='lat' dir='ltr'>magis-testatum,</span> <span class='ocrx_word' id='word_1_68' title='bbox 1519 1180 1605 1206; x_wconf 91' lang='lat' dir='ltr'>non</span> 
     </span>
     <span class='ocr_line' id='line_1_11' title="bbox 251 1235 1608 1293; baseline -0.002 -14"><span class='ocrx_word' id='word_1_69' title='bbox 251 1238 376 1280; x_wconf 81' lang='lat' dir='ltr'>medo</span> <span class='ocrx_word' id='word_1_70' title='bbox 399 1243 571 1293; x_wconf 84' lang='lat' dir='ltr'>proptor</span> <span class='ocrx_word' id='word_1_71' title='bbox 593 1235 878 1292; x_wconf 82' lang='lat' dir='ltr'>gravissimam</span> <span class='ocrx_word' id='word_1_72' title='bbox 899 1235 1110 1276; x_wconf 77' lang='lat' dir='ltr'>Ambrosii</span> <span class='ocrx_word' id='word_1_73' title='bbox 1134 1235 1427 1277; x_wconf 87' lang='lat' dir='ltr'>auctoritatem</span> <span class='ocrx_word' id='word_1_74' title='bbox 1444 1268 1453 1282; x_wconf 89' lang='lat'><em>‚</em></span> <span class='ocrx_word' id='word_1_75' title='bbox 1477 1243 1519 1276; x_wconf 88' lang='lat' dir='ltr'>et</span> <span class='ocrx_word' id='word_1_76' title='bbox 1542 1235 1608 1276; x_wconf 90' lang='lat' dir='ltr'>ad-</span> 
     </span>
     <span class='ocr_line' id='line_1_12' title="bbox 254 1305 1607 1364; baseline -0.001 -16"><span class='ocrx_word' id='word_1_77' title='bbox 254 1307 402 1364; x_wconf 87' lang='lat' dir='ltr'>juncta</span> <span class='ocrx_word' id='word_1_78' title='bbox 428 1306 539 1348; x_wconf 90' lang='lat' dir='ltr'>illius</span> <span class='ocrx_word' id='word_1_79' title='bbox 568 1305 772 1346; x_wconf 89' lang='lat' dir='ltr'>universis</span> <span class='ocrx_word' id='word_1_80' title='bbox 807 1305 1210 1353; x_wconf 80' lang='lat' dir='ltr'>Mediolanensibus,</span> <span class='ocrx_word' id='word_1_81' title='bbox 1236 1320 1339 1361; x_wconf 89' lang='lat' dir='ltr'>quos</span> <span class='ocrx_word' id='word_1_82' title='bbox 1365 1305 1607 1361; x_wconf 83' lang='lat' dir='ltr'>alloqueba-</span> 
     </span>
     <span class='ocr_line' id='line_1_13' title="bbox 254 1375 1611 1432; baseline -0.002 -13"><span class='ocrx_word' id='word_1_83' title='bbox 254 1385 324 1420; x_wconf 88' lang='lat' dir='ltr'>tur</span> <span class='ocrx_word' id='word_1_84' title='bbox 356 1376 425 1418; x_wconf 90' lang='lat' dir='ltr'>hic</span> <span class='ocrx_word' id='word_1_85' title='bbox 443 1376 554 1417; x_wconf 88' lang='lat' dir='ltr'>idem</span> <span class='ocrx_word' id='word_1_86' title='bbox 568 1375 725 1417; x_wconf 83' lang='lat' dir='ltr'>Praesul</span> <span class='ocrx_word' id='word_1_87' title='bbox 739 1407 748 1422; x_wconf 92' lang='lat'>‚</span> <span class='ocrx_word' id='word_1_88' title='bbox 765 1375 1121 1432; x_wconf 85' lang='lat' dir='ltr'>compertissima;</span> <span class='ocrx_word' id='word_1_89' title='bbox 1140 1375 1415 1417; x_wconf 78' lang='lat' dir='ltr'>verumetiam</span> <span class='ocrx_word' id='word_1_90' title='bbox 1439 1383 1611 1432; x_wconf 79' lang='lat' dir='ltr'>propter</span> 
     </span>
     <span class='ocr_line' id='line_1_14' title="bbox 257 1443 1613 1502; baseline -0.002 -14"><span class='ocrx_word' id='word_1_91' title='bbox 257 1445 480 1502; x_wconf 74' lang='lat' dir='ltr'>Augustini</span> <span class='ocrx_word' id='word_1_92' title='bbox 503 1445 717 1486; x_wconf 85' lang='lat' dir='ltr'>oculatum</span> <span class='ocrx_word' id='word_1_93' title='bbox 733 1477 743 1496; x_wconf 83' lang='lat'>‚</span> <span class='ocrx_word' id='word_1_94' title='bbox 767 1444 818 1486; x_wconf 88' lang='lat' dir='ltr'>sit</span> <span class='ocrx_word' id='word_1_95' title='bbox 841 1445 970 1485; x_wconf 82' lang='lat' dir='ltr'>verbo</span> <span class='ocrx_word' id='word_1_96' title='bbox 994 1445 1110 1485; x_wconf 85' lang='lat' dir='ltr'>venia</span> <span class='ocrx_word' id='word_1_97' title='bbox 1127 1477 1137 1492; x_wconf 93' lang='lat'><strong>,</strong></span> <span class='ocrx_word' id='word_1_98' title='bbox 1161 1445 1452 1486; x_wconf 86' lang='lat' dir='ltr'>testimonium</span> <span class='ocrx_word' id='word_1_99' title='bbox 1469 1477 1477 1491; x_wconf 89' lang='lat'><em>‚</em></span> <span class='ocrx_word' id='word_1_100' title='bbox 1499 1443 1613 1500; x_wconf 87' lang='lat' dir='ltr'>quod</span> 
     </span>
     <span class='ocr_line' id='line_1_15' title="bbox 257 1513 1613 1571; baseline -0.002 -14"><span class='ocrx_word' id='word_1_101' title='bbox 257 1516 329 1558; x_wconf 86' lang='lat' dir='ltr'>lib.</span> <span class='ocrx_word' id='word_1_102' title='bbox 372 1530 482 1562; x_wconf 81' lang='lat' dir='ltr'>xxn,</span> <span class='ocrx_word' id='word_1_103' title='bbox 517 1514 570 1555; x_wconf 79' lang='lat' dir='ltr'>de</span> <span class='ocrx_word' id='word_1_104' title='bbox 604 1514 797 1556; x_wconf 76' lang='lat' dir='ltr'>Civitate</span> <span class='ocrx_word' id='word_1_105' title='bbox 820 1514 918 1562; x_wconf 76' lang='lat' dir='ltr'><em>Dei,</em></span> <span class='ocrx_word' id='word_1_106' title='bbox 949 1528 1038 1571; x_wconf 87' lang='lat' dir='ltr'>cap.</span> <span class='ocrx_word' id='word_1_107' title='bbox 1081 1515 1105 1555; x_wconf 80' lang='lat'>8</span> <span class='ocrx_word' id='word_1_108' title='bbox 1137 1522 1178 1554; x_wconf 89' lang='lat' dir='ltr'>et</span> <span class='ocrx_word' id='word_1_109' title='bbox 1204 1514 1440 1569; x_wconf 86' lang='lat' dir='ltr'>expressius</span> <span class='ocrx_word' id='word_1_110' title='bbox 1475 1513 1613 1555; x_wconf 85' lang='lat' dir='ltr'>adhuc</span> 
     </span>
     <span class='ocr_line' id='line_1_16' title="bbox 262 1582 1615 1640; baseline -0.002 -13"><span class='ocrx_word' id='word_1_111' title='bbox 262 1586 406 1627; x_wconf 66' lang='lat' dir='ltr'>Se‘rm.</span> <span class='ocrx_word' id='word_1_112' title='bbox 431 1584 478 1624; x_wconf 79' lang='lat' dir='ltr'>in</span> <span class='ocrx_word' id='word_1_113' title='bbox 511 1582 665 1625; x_wconf 68' lang='lat' dir='ltr'>Natali</span> <span class='ocrx_word' id='word_1_114' title='bbox 683 1593 817 1625; x_wconf 73' lang='lat' dir='ltr'>mart.</span> <span class='ocrx_word' id='word_1_115' title='bbox 847 1583 977 1625; x_wconf 76' lang='lat' dir='ltr'>Ger-v.</span> <span class='ocrx_word' id='word_1_116' title='bbox 1013 1593 1051 1623; x_wconf 78' lang='lat' dir='ltr'>et</span> <span class='ocrx_word' id='word_1_117' title='bbox 1075 1584 1193 1624; x_wconf 77' lang='lat' dir='ltr'>Prot.</span> <span class='ocrx_word' id='word_1_118' title='bbox 1221 1585 1359 1640; x_wconf 78' lang='lat' dir='ltr'>legere</span> <span class='ocrx_word' id='word_1_119' title='bbox 1387 1592 1463 1625; x_wconf 90' lang='lat' dir='ltr'>est.</span> <span class='ocrx_word' id='word_1_120' title='bbox 1497 1583 1615 1625; x_wconf 82' lang='lat' dir='ltr'><strong>Idem</strong></span> 
     </span>
     <span class='ocr_line' id='line_1_17' title="bbox 261 1651 1616 1709; baseline -0.001 -13"><span class='ocrx_word' id='word_1_121' title='bbox 261 1655 387 1697; x_wconf 89' lang='lat' dir='ltr'>etiam</span> <span class='ocrx_word' id='word_1_122' title='bbox 426 1651 676 1694; x_wconf 74' lang='lat' dir='ltr'>miraculum</span> <span class='ocrx_word' id='word_1_123' title='bbox 711 1653 836 1694; x_wconf 89' lang='lat' dir='ltr'>simul</span> <span class='ocrx_word' id='word_1_124' title='bbox 863 1668 960 1695; x_wconf 88' lang='lat' dir='ltr'>cum</span> <span class='ocrx_word' id='word_1_125' title='bbox 995 1653 1106 1702; x_wconf 82' lang='lat' dir='ltr'>aliis,</span> <span class='ocrx_word' id='word_1_126' title='bbox 1131 1668 1222 1709; x_wconf 85' lang='lat' dir='ltr'>quae</span> <span class='ocrx_word' id='word_1_127' title='bbox 1251 1662 1542 1695; x_wconf 78' lang='lat' dir='ltr'>memorantur</span> <span class='ocrx_word' id='word_1_128' title='bbox 1575 1653 1616 1694; x_wconf 92' lang='lat' dir='ltr'>in</span> 
     </span>
     <span class='ocr_line' id='line_1_18' title="bbox 261 1724 1621 1782; baseline -0.001 -15"><span class='ocrx_word' id='word_1_129' title='bbox 261 1726 341 1767; x_wconf 90' lang='lat' dir='ltr'>hac</span> <span class='ocrx_word' id='word_1_130' title='bbox 364 1725 559 1782; x_wconf 81' lang='lat' dir='ltr'>epistola,</span> <span class='ocrx_word' id='word_1_131' title='bbox 591 1732 758 1771; x_wconf 87' lang='lat' dir='ltr'>narrat,</span> <span class='ocrx_word' id='word_1_132' title='bbox 778 1724 850 1780; x_wconf 92' lang='lat' dir='ltr'>qui</span> <span class='ocrx_word' id='word_1_133' title='bbox 871 1724 1063 1766; x_wconf 88' lang='lat' dir='ltr'>similiter</span> <span class='ocrx_word' id='word_1_134' title='bbox 1090 1726 1281 1766; x_wconf 87' lang='lat' dir='ltr'>oculatus</span> <span class='ocrx_word' id='word_1_135' title='bbox 1300 1724 1415 1766; x_wconf 87' lang='lat' dir='ltr'>testis</span> <span class='ocrx_word' id='word_1_136' title='bbox 1437 1739 1528 1766; x_wconf 85' lang='lat' dir='ltr'>esse</span> <span class='ocrx_word' id='word_1_137' title='bbox 1547 1739 1621 1781; x_wconf 89' lang='lat' dir='ltr'>po-</span> 
     </span>
     <span class='ocr_line' id='line_1_19' title="bbox 263 1795 1618 1852; baseline -0.001 -14"><span class='ocrx_word' id='word_1_138' title='bbox 263 1797 366 1844; x_wconf 86' lang='lat' dir='ltr'>tuit,</span> <span class='ocrx_word' id='word_1_139' title='bbox 408 1795 607 1838; x_wconf 85' lang='lat' dir='ltr'>Paulinus</span> <span class='ocrx_word' id='word_1_140' title='bbox 644 1796 686 1836; x_wconf 91' lang='lat' dir='ltr'>in</span> <span class='ocrx_word' id='word_1_141' title='bbox 723 1795 936 1837; x_wconf 81' lang='lat' dir='ltr'>Ambrosii</span> <span class='ocrx_word' id='word_1_142' title='bbox 962 1795 1069 1837; x_wconf 90' lang='lat' dir='ltr'>Vita.</span> <span class='ocrx_word' id='word_1_143' title='bbox 1114 1795 1267 1837; x_wconf 86' lang='lat' dir='ltr'>Mirum</span> <span class='ocrx_word' id='word_1_144' title='bbox 1300 1795 1429 1852; x_wconf 82' lang='lat' dir='ltr'>igitur</span> <span class='ocrx_word' id='word_1_145' title='bbox 1460 1803 1618 1837; x_wconf 84' lang='lat' dir='ltr'>tantam</span> 
     </span>
     <span class='ocr_line' id='line_1_20' title="bbox 261 1865 1619 1924; baseline 0 -16"><span class='ocrx_word' id='word_1_146' title='bbox 261 1866 387 1908; x_wconf 86' lang='lat' dir='ltr'>fuisse</span> <span class='ocrx_word' id='word_1_147' title='bbox 410 1866 685 1908; x_wconf 87' lang='lat' dir='ltr'>Arrianorum</span> <span class='ocrx_word' id='word_1_148' title='bbox 708 1865 1013 1922; x_wconf 85' lang='lat' dir='ltr'>pervicaciam,</span> <span class='ocrx_word' id='word_1_149' title='bbox 1036 1874 1083 1908; x_wconf 89' lang='lat' dir='ltr'>ut</span> <span class='ocrx_word' id='word_1_150' title='bbox 1112 1866 1318 1907; x_wconf 90' lang='lat' dir='ltr'>miracula</span> <span class='ocrx_word' id='word_1_151' title='bbox 1339 1873 1423 1908; x_wconf 88' lang='lat' dir='ltr'>tam</span> <span class='ocrx_word' id='word_1_152' title='bbox 1447 1866 1619 1924; x_wconf 82' lang='lat' dir='ltr'>eviden-</span> 
     </span>
     <span class='ocr_line' id='line_1_21' title="bbox 265 1935 1618 1995; baseline -0.001 -16"><span class='ocrx_word' id='word_1_153' title='bbox 265 1938 322 1979; x_wconf 86' lang='lat' dir='ltr'>tia</span> <span class='ocrx_word' id='word_1_154' title='bbox 348 1952 424 1995; x_wconf 89' lang='lat' dir='ltr'>pro</span> <span class='ocrx_word' id='word_1_155' title='bbox 451 1936 750 1978; x_wconf 87' lang='lat' dir='ltr'>commentitiis</span> <span class='ocrx_word' id='word_1_156' title='bbox 767 1969 777 1985; x_wconf 96' lang='lat'>,</span> <span class='ocrx_word' id='word_1_157' title='bbox 802 1936 886 1978; x_wconf 91' lang='lat' dir='ltr'>imo</span> <span class='ocrx_word' id='word_1_158' title='bbox 909 1936 1057 1983; x_wconf 84' lang='lat' dir='ltr'>etiam.</span> <span class='ocrx_word' id='word_1_159' title='bbox 1078 1944 1124 1979; x_wconf 81' lang='lat' dir='ltr'>ut</span> <span class='ocrx_word' id='word_1_160' title='bbox 1148 1935 1345 1978; x_wconf 84' lang='lat' dir='ltr'>Paulinus</span> <span class='ocrx_word' id='word_1_161' title='bbox 1375 1945 1522 1978; x_wconf 81' lang='lat' dir='ltr'>auctor</span> <span class='ocrx_word' id='word_1_162' title='bbox 1540 1944 1618 1984; x_wconf 84' lang='lat' dir='ltr'>est,</span> 
     </span>
     <span class='ocr_line' id='line_1_22' title="bbox 267 2005 1622 2064; baseline -0.001 -16"><span class='ocrx_word' id='word_1_163' title='bbox 267 2007 403 2064; x_wconf 88' lang='lat' dir='ltr'>pretio</span> <span class='ocrx_word' id='word_1_164' title='bbox 422 2007 625 2048; x_wconf 76' lang='lat' dir='ltr'>simulatis</span> <span class='ocrx_word' id='word_1_165' title='bbox 648 2006 885 2048; x_wconf 86' lang='lat' dir='ltr'>habuerint.</span> <span class='ocrx_word' id='word_1_166' title='bbox 904 2006 1205 2049; x_wconf 85' lang='lat' dir='ltr'>Verumtamen</span> <span class='ocrx_word' id='word_1_167' title='bbox 1222 2021 1272 2047; x_wconf 87' lang='lat' dir='ltr'>ex</span> <span class='ocrx_word' id='word_1_168' title='bbox 1296 2006 1442 2047; x_wconf 88' lang='lat' dir='ltr'>iisdem</span> <span class='ocrx_word' id='word_1_169' title='bbox 1459 2005 1622 2062; x_wconf 88' lang='lat' dir='ltr'>Augus-</span> 
     </span>
     <span class='ocr_line' id='line_1_23' title="bbox 270 2075 1622 2133; baseline -0.002 -14"><span class='ocrx_word' id='word_1_170' title='bbox 270 2077 357 2119; x_wconf 88' lang='lat' dir='ltr'>tino</span> <span class='ocrx_word' id='word_1_171' title='bbox 389 2086 511 2133; x_wconf 87' lang='lat' dir='ltr'>atque</span> <span class='ocrx_word' id='word_1_172' title='bbox 549 2076 722 2119; x_wconf 79' lang='lat' dir='ltr'>Paulino</span> <span class='ocrx_word' id='word_1_173' title='bbox 755 2077 1046 2132; x_wconf 81' lang='lat' dir='ltr'>cognoscimus</span> <span class='ocrx_word' id='word_1_174' title='bbox 1081 2075 1300 2133; x_wconf 81' lang='lat' dir='ltr'>perfidiam</span> <span class='ocrx_word' id='word_1_175' title='bbox 1326 2075 1622 2117; x_wconf 86' lang='lat' dir='ltr'>haereticorum</span> 
     </span>
     <span class='ocr_line' id='line_1_24' title="bbox 267 2145 1623 2204; baseline -0.002 -15"><span class='ocrx_word' id='word_1_176' title='bbox 267 2163 315 2190; x_wconf 89' lang='lat' dir='ltr'>ea</span> <span class='ocrx_word' id='word_1_177' title='bbox 349 2147 581 2204; x_wconf 87' lang='lat' dir='ltr'>Martyrum</span> <span class='ocrx_word' id='word_1_178' title='bbox 605 2146 966 2195; x_wconf 81' lang='lat' dir='ltr'>manifestatione,</span> <span class='ocrx_word' id='word_1_179' title='bbox 996 2146 1058 2187; x_wconf 88' lang='lat' dir='ltr'>sin</span> <span class='ocrx_word' id='word_1_180' title='bbox 1086 2146 1224 2187; x_wconf 90' lang='lat' dir='ltr'>minus</span> <span class='ocrx_word' id='word_1_181' title='bbox 1252 2145 1427 2187; x_wconf 83' lang='lat' dir='ltr'>fractam</span> <span class='ocrx_word' id='word_1_182' title='bbox 1444 2178 1454 2194; x_wconf 91' lang='lat'>,</span> <span class='ocrx_word' id='word_1_183' title='bbox 1476 2146 1623 2187; x_wconf 83' lang='lat' dir='ltr'>saltem</span> 
     </span>
     <span class='ocr_line' id='line_1_25' title="bbox 269 2215 1625 2273; baseline -0.002 -12"><span class='ocrx_word' id='word_1_184' title='bbox 269 2218 530 2261; x_wconf 85' lang='lat' dir='ltr'>debilitatam</span> <span class='ocrx_word' id='word_1_185' title='bbox 558 2218 685 2259; x_wconf 86' lang='lat' dir='ltr'>fuisse</span> <span class='ocrx_word' id='word_1_186' title='bbox 702 2251 711 2266; x_wconf 89' lang='lat'>‚</span> <span class='ocrx_word' id='word_1_187' title='bbox 733 2232 780 2259; x_wconf 86' lang='lat' dir='ltr'>ac</span> <span class='ocrx_word' id='word_1_188' title='bbox 802 2216 1060 2259; x_wconf 87' lang='lat' dir='ltr'>deferbuisse</span> <span class='ocrx_word' id='word_1_189' title='bbox 1080 2216 1434 2273; x_wconf 80' lang='lat' dir='ltr'>persecutionem.</span> <span class='ocrx_word' id='word_1_190' title='bbox 1458 2216 1509 2257; x_wconf 89' lang='lat' dir='ltr'>Et</span> <span class='ocrx_word' id='word_1_191' title='bbox 1527 2215 1625 2258; x_wconf 86' lang='lat' dir='ltr'>hinc</span> 
     </span>
     <span class='ocr_line' id='line_1_26' title="bbox 273 2285 1624 2346; baseline -0.001 -16"><span class='ocrx_word' id='word_1_192' title='bbox 273 2303 371 2330; x_wconf 88' lang='lat' dir='ltr'>sane</span> <span class='ocrx_word' id='word_1_193' title='bbox 394 2288 524 2346; x_wconf 82' lang='lat' dir='ltr'>magis</span> <span class='ocrx_word' id='word_1_194' title='bbox 549 2288 753 2330; x_wconf 89' lang='lat' dir='ltr'>miramur</span> <span class='ocrx_word' id='word_1_195' title='bbox 776 2287 884 2329; x_wconf 83' lang='lat' dir='ltr'>inter</span> <span class='ocrx_word' id='word_1_196' title='bbox 922 2286 1052 2328; x_wconf 86' lang='lat' dir='ltr'>nostri</span> <span class='ocrx_word' id='word_1_197' title='bbox 1085 2286 1288 2343; x_wconf 86' lang='lat' dir='ltr'>temporis</span> <span class='ocrx_word' id='word_1_198' title='bbox 1319 2285 1624 2336; x_wconf 79' lang='lat' dir='ltr'>heterodoxos,</span> 
     </span>
     <span class='ocr_line' id='line_1_27' title="bbox 273 2354 1629 2413; baseline -0.001 -16"><span class='ocrx_word' id='word_1_199' title='bbox 273 2355 345 2413; x_wconf 89' lang='lat' dir='ltr'>qui</span> <span class='ocrx_word' id='word_1_200' title='bbox 373 2356 441 2398; x_wconf 82' lang='lat' dir='ltr'>vix</span> <span class='ocrx_word' id='word_1_201' title='bbox 471 2356 676 2413; x_wconf 87' lang='lat' dir='ltr'>majorem</span> <span class='ocrx_word' id='word_1_202' title='bbox 711 2355 753 2398; x_wconf 88' lang='lat' dir='ltr'>in</span> <span class='ocrx_word' id='word_1_203' title='bbox 776 2355 904 2398; x_wconf 85' lang='lat' dir='ltr'>alium</span> <span class='ocrx_word' id='word_1_204' title='bbox 931 2358 1066 2398; x_wconf 87' lang='lat' dir='ltr'>ullum</span> <span class='ocrx_word' id='word_1_205' title='bbox 1097 2371 1120 2397; x_wconf 91' lang='lat' dir='ltr'>e</span> <span class='ocrx_word' id='word_1_206' title='bbox 1159 2355 1382 2403; x_wconf 87' lang='lat' dir='ltr'>Patribus,</span> <span class='ocrx_word' id='word_1_207' title='bbox 1421 2369 1548 2411; x_wconf 87' lang='lat' dir='ltr'>quam</span> <span class='ocrx_word' id='word_1_208' title='bbox 1586 2354 1629 2397; x_wconf 90' lang='lat' dir='ltr'>in</span> 
     </span>
     <span class='ocr_line' id='line_1_28' title="bbox 273 2425 1630 2484; baseline -0.001 -16"><span class='ocrx_word' id='word_1_209' title='bbox 273 2426 546 2469; x_wconf 88' lang='lat' dir='ltr'>Ambrosium</span> <span class='ocrx_word' id='word_1_210' title='bbox 575 2435 767 2468; x_wconf 85' lang='lat' dir='ltr'>nostrum</span> <span class='ocrx_word' id='word_1_211' title='bbox 791 2427 1104 2468; x_wconf 83' lang='lat' dir='ltr'>venerationem</span> <span class='ocrx_word' id='word_1_212' title='bbox 1126 2441 1210 2484; x_wconf 73' lang='lat' dir='ltr'>prce</span> <span class='ocrx_word' id='word_1_213' title='bbox 1231 2441 1274 2467; x_wconf 85' lang='lat' dir='ltr'>se</span> <span class='ocrx_word' id='word_1_214' title='bbox 1298 2425 1463 2475; x_wconf 76' lang='lat' dir='ltr'>serunt3</span> <span class='ocrx_word' id='word_1_215' title='bbox 1488 2425 1630 2467; x_wconf 90' lang='lat' dir='ltr'>inven-</span> 
     </span>
     <span class='ocr_line' id='line_1_29' title="bbox 277 2489 1631 2554; baseline -0.001 -16"><span class='ocrx_word' id='word_1_216' title='bbox 277 2505 368 2540; x_wconf 88' lang='lat' dir='ltr'>tum</span> <span class='ocrx_word' id='word_1_217' title='bbox 402 2504 569 2545; x_wconf 86' lang='lat' dir='ltr'>tamen,</span> <span class='ocrx_word' id='word_1_218' title='bbox 599 2497 670 2554; x_wconf 90' lang='lat' dir='ltr'>qui</span> <span class='ocrx_word' id='word_1_219' title='bbox 702 2505 887 2539; x_wconf 84' lang='lat' dir='ltr'>veterem</span> <span class='ocrx_word' id='word_1_220' title='bbox 917 2489 1192 2539; x_wconf 81' lang='lat' dir='ltr'>Arrianorum</span> <span class='ocrx_word' id='word_1_221' title='bbox 1225 2496 1507 2545; x_wconf 84' lang='lat' dir='ltr'>calumniam,</span> <span class='ocrx_word' id='word_1_222' title='bbox 1531 2495 1631 2539; x_wconf 82' lang='lat' dir='ltr'>licet</span> 
     </span>
     <span class='ocr_line' id='line_1_30' title="bbox 278 2566 1470 2624; baseline -0.002 -14"><span class='ocrx_word' id='word_1_223' title='bbox 278 2567 355 2610; x_wconf 86' lang='lat' dir='ltr'>sub</span> <span class='ocrx_word' id='word_1_224' title='bbox 379 2567 631 2624; x_wconf 88' lang='lat' dir='ltr'>quibusdam</span> <span class='ocrx_word' id='word_1_225' title='bbox 662 2566 936 2610; x_wconf 82' lang='lat' dir='ltr'>dicteriorum</span> <span class='ocrx_word' id='word_1_226' title='bbox 958 2567 1208 2617; x_wconf 85' lang='lat' dir='ltr'>involucris,</span> <span class='ocrx_word' id='word_1_227' title='bbox 1233 2570 1470 2609; x_wconf 87' lang='lat' dir='ltr'>renovaret.</span> 
     </span>
    </p>
   </div>
  </div>
 </body>
</html>
