1774 3158
360 202 435 241 128
898 213 929 239 s·
970 212 1157 240 Amnnosu

348 300 393 333 ut
415 305 561 332 omnes
585 292 766 331 elevaret
789 304 797 330 τ
818 289 904 346 ipse
924 290 975 330 ad
1002 289 1155 330 Christi
1183 291 1373 346 pervenit
1391 294 1578 349 requiem
1596 328 1605 343 ‚
1629 299 1698 352 qui

348 361 629 402 humilitatem
667 359 823 402 Christi
855 360 980 400 suerit
1009 367 1194 402 secutus.

405 441 600 483 XXVIII.
638 441 689 482 Et
713 441 806 482 ideo
830 440 924 496 quia
946 439 1149 482 humilem
1175 455 1217 482 se
1236 441 1414 497 praebuit
1438 443 1698 489 Theodosius

347 511 576 567 imperator
593 542 604 559 ,
627 520 668 552 et
687 511 757 551 ubi
777 518 999 567 peccatum
1023 509 1239 566 obrepsit,
1259 512 1422 553 veniam
1446 516 1694 570 postulavit,

345 595 545 623 conversa
580 589 642 622 est
672 581 808 622 anima
833 580 923 636 ejus
956 581 996 622 in
1024 581 1214 636 requiem
1247 596 1387 632 suam,
1425 584 1536 627 sicut
1567 586 1698 628 habet

346 651 562 708 Scriptura
590 666 680 707 quae
709 650 813 692 dicit
843 666 852 691 ε
882 651 1195 700 «Convertere,
1231 653 1366 694 anima
1406 669 1523 703 mea,
1557 656 1597 697 in
1631 672 1699 699 re-

345 740 360 760 »
375 721 515 776 quiem
544 729 675 767 tuam3
697 721 793 776 quia
815 720 1017 762 Dominus
1036 721 1244 763 benefecit
1270 722 1384 765 tibi¹.
1404 724 1616 768 »Pulchre
1639 728 1700 768 di-

346 792 401 832 cit
426 791 573 832 animae
598 805 639 831 :a
657 790 937 841 Convertere,
955 811 969 830 »
985 792 1102 848 quasi
1135 792 1336 834 diuturno
1368 794 1572 852 cujusque
1596 813 1697 854 ope·
1731 832 1734 833 γ
1770 823 1774 846 ;

345 861 399 902 ris
422 863 575 903 sudore
597 861 790 902 exercitae
806 893 816 909 ,
844 870 891 902 ut
914 876 933 902 a
957 863 1101 903 labore
1125 871 1395 904 convertatur
1414 865 1466 906 ad
1488 867 1691 921 requiem.

344 932 615 973 Convertitur
638 946 769 987 equus
790 930 841 971 ad
868 932 1079 973 stabulum
1100 965 1109 980 ‚
1136 933 1208 974 ubi
1233 947 1404 975 cursum
1424 934 1660 991 impleverit
1685 951 1694 978 z

344 1003 456 1045 navis
476 1004 527 1044 ad
548 1010 716 1059 portum
734 1035 744 1049 ‚
769 1002 841 1042 ubi
866 1004 917 1043 ad
936 1002 1161 1044 stationem
1183 1002 1310 1045 fidam
1330 1020 1349 1045 a
1363 1005 1569 1048 fluctuum
1589 1009 1697 1049 mole

343 1072 608 1114 subducitur.
637 1071 720 1112 Sed
737 1071 838 1126 quid
861 1079 939 1119 est,
963 1074 1077 1128 quod
1102 1073 1157 1114 ait
1181 1088 1190 1113 :
1210 1073 1284 1114 «In
1301 1075 1489 1130 requiem
1514 1084 1627 1118 tuam
1646 1111 1654 1125 ,
1672 1096 1686 1116 n

341 1141 421 1184 nisi
453 1142 689 1183 secundum
719 1141 822 1182 illud
847 1140 1073 1198 intelligas,
1101 1144 1214 1198 quod
1234 1144 1289 1185 ait
1318 1144 1524 1188 Dominus
1541 1148 1657 1189 Jesus
1684 1164 1692 1189 ε

353 1211 549 1259 «Venite,
576 1210 788 1252 benedicti
816 1211 948 1252 Patris
978 1212 1088 1261 mei,
1114 1213 1357 1255 haereditate
1385 1216 1595 1271 possidete
1621 1233 1696 1274 pa-

340 1300 355 1321 »
370 1290 506 1323 ratum
530 1280 645 1322 vobis
663 1295 839 1337 regnum
861 1295 881 1321 a
901 1281 1203 1324 constitutione
1223 1284 1449 1326 mundi²i³o
1478 1285 1695 1343 Tanquam

343 1353 453 1394 enim
478 1351 782 1409 possessionem
803 1352 1113 1394 haereditariam
1138 1354 1366 1411 recipimus
1388 1371 1460 1404 ea,
1488 1371 1579 1413 quae
1605 1373 1696 1414 pro-

341 1423 463 1464 missa
486 1430 584 1463 sunt
610 1422 730 1463 nobis
749 1438 759 1469 3
780 1421 913 1463 fidelis
927 1422 1039 1464 enim
1063 1423 1175 1465 Deus
1191 1457 1200 1471 ‚
1224 1425 1295 1481 qui
1320 1427 1449 1468 semel
1465 1427 1593 1469 servis
1613 1428 1695 1469 suis

341 1501 569 1549 praeparata
592 1507 676 1534 non
710 1491 930 1535 subtrahit.
963 1493 1003 1534 Si
1026 1492 1128 1536 fides
1154 1504 1295 1537 nostra
1324 1505 1522 1547 maneat,
1554 1507 1696 1540 manet

340 1572 382 1606 et
406 1564 588 1621 sponsio.

398 1634 562 1678 XXIX.
601 1633 723 1684 Vide,
749 1649 773 1676 o
792 1634 942 1683 homo,
965 1634 1075 1676 cirea
1095 1643 1135 1677 te
1153 1637 1327 1693 gratiam
1347 1637 1502 1680 Christi
1524 1654 1533 1680 :
1556 1640 1691 1681 adhuc

339 1707 379 1748 in
414 1705 532 1747 terris
564 1704 768 1760 quateris,
799 1713 840 1745 et
872 1704 913 1745 in
946 1706 1050 1746 coelo
1082 1706 1282 1762 possides.
1322 1708 1384 1749 Ibi
1420 1723 1520 1766 ergo
1543 1708 1594 1750 sit
1618 1725 1691 1750 eor

342 1786 458 1818 tuum
476 1807 486 1823 ,
519 1774 592 1815 ubi
617 1783 678 1815 est
700 1774 905 1831 possessio
937 1783 1022 1816 tua.
1052 1776 1150 1817 Haec
1172 1785 1233 1818 est
1257 1777 1421 1833 requies
1445 1793 1535 1834 quae
1571 1778 1691 1835 justis

341 1847 538 1893 debetur,
561 1852 737 1902 negatur
757 1845 951 1902 indignis.
975 1847 1094 1887 Unde
1121 1847 1176 1888 ait
1200 1848 1404 1889 Dominus
1432 1848 1603 1890 :«Sicut
1623 1849 1690 1904 ju-

339 1919 452 1960 »ravi
477 1918 517 1959 in
541 1918 599 1959 ira
634 1931 745 1965 mea,
773 1916 806 1958 si
832 1917 1068 1958 introibunt
1095 1918 1135 1958 in
1166 1919 1352 1974 requiem
1384 1918 1593 1967 meam³gn
1614 1920 1685 1975 qui

336 1988 446 2029 enim
465 2002 549 2029 non
568 1995 857 2043 cognoverunt
881 1987 964 2028 vias
992 1987 1184 2035 Domini,
1211 2003 1294 2029 non
1320 1988 1613 2044 ingrediuntur
1645 1989 1684 2029 in

337 2058 524 2114 requiem
548 2056 731 2098 Domini.
763 2055 845 2107 Qui
871 2064 1010 2097 autem
1046 2057 1203 2097 bonum
1236 2066 1450 2099 certamen
1482 2059 1682 2106 certavit,

333 2137 374 2170 ct
392 2142 560 2170 cursum
587 2125 936 2173 consummavw,
960 2125 1037 2182 ipsi
1060 2126 1213 2167 dieitur
1236 2142 1277 2166 :a
1294 2126 1550 2168 Convertere
1567 2127 1605 2168 in
1626 2142 1686 2168 re-

333 2199 503 2255 »quiem
525 2198 680 2241 tuam⁵.
698 2217 712 2235 »
727 2198 843 2240 Bona
868 2196 1031 2252 requies
1054 2197 1267 2253 praeterirc
1287 2213 1378 2254 quae
1395 2197 1541 2239 mundi
1560 2207 1655 2240 sunt
1672 2230 1682 2246 ,

332 2277 373 2310 et
405 2268 483 2310 illis
519 2283 611 2325 quae
646 2282 771 2325 supra
805 2267 1013 2308 muudum
1043 2275 1163 2315 sunt,
1201 2266 1441 2309 coelestibus
1465 2267 1685 2309 consortiis

333 2337 594 2394 requiescere
618 2346 890 2379 secretorum.
930 2336 1026 2377 Haec
1056 2345 1118 2377 cst
1140 2338 1302 2393 requies
1319 2370 1330 2387 ,
1362 2339 1412 2379 ad
1435 2352 1560 2394 quam
1581 2337 1684 2378 Pro-

330 2409 455 2465 pheta
484 2408 743 2465 properavit‚
778 2407 920 2448 dicens
942 2407 1102 2458 :aQuis
1131 2408 1246 2449 dabit
1271 2408 1372 2449 mihi
1398 2423 1554 2464 pennas
1577 2407 1684 2448 sicut

381 2509 390 2523 ¹
414 2499 494 2531 Psal.
516 2509 604 2536 cuv,
632 2511 662 2541 7.
681 2517 718 2522 -
736 2509 746 2522 ³
774 2499 894 2531 Maith.
919 2508 990 2537 xxv,
1021 2497 1128 2535 164.-
1151 2501 1163 2521 3
1182 2499 1261 2530 Psal.
1282 2510 1366 2536 xciv,
1398 2509 1447 2530 11.
1471 2516 1509 2521 -
1530 2499 1542 2523 ⁴
1563 2508 1578 2527 π
1597 2497 1683 2527 Tun.

335 2564 377 2591 iv,
395 2565 425 2595 7.
446 2555 515 2583 -3
537 2554 616 2585 l’snl.
637 2564 721 2591 cxiv,
743 2567 775 2595 7.
