1774 3158
313 201 400 250 430
860 214 893 241 s.
931 213 1126 241 AMBaosn

309 292 455 333 animae
475 291 649 348 species,
669 305 761 346 quae
792 291 1056 348 concupiscit
1078 291 1329 348 voluptaria,
1357 308 1449 349 quae
1477 292 1665 335 laborem

307 361 437 418 fugit,
477 361 852 418 compunctionem
893 361 1108 410 declinat,
1149 361 1356 418 judicium
1380 363 1456 405 Dei
1478 364 1664 420 negligit.

308 432 408 473 Ideo
433 431 622 473 amabilis
640 464 649 479 ‚
691 432 788 487 quia
828 432 963 473 dulcis
987 440 1028 472 et
1050 432 1186 473 suavis
1221 434 1272 474 ad
1294 441 1460 489 tempus
1484 434 1666 482 videtur,

310 518 401 558 quae
418 511 603 544 mentem
625 517 709 543 non
733 500 903 550 afliciat,
931 503 1003 543 sed
1027 502 1226 544 oblectet.
1254 501 1309 544 At
1332 503 1398 544 illa
1426 504 1554 545 altera
1577 504 1670 545 tris-

308 574 405 621 tior,
430 588 522 629 qnae
542 574 631 613 zelo
653 574 729 614 Dei
752 571 1022 620 conficiatur,
1056 572 1165 614 sicut
1201 587 1303 613 uxor
1321 588 1461 614 severa
1490 574 1665 615 scortari

308 657 550 699 comparem
570 657 692 683 suum
715 643 836 690 nolit,
858 657 942 684 non
963 642 1162 699 patiatur,
1183 657 1268 683 non
1303 642 1437 691 sinat,
1466 643 1570 684 nihil
1601 643 1667 684 in-

311 715 480 770 dulgeat
502 714 685 770 corpori,
725 714 832 755 nihil
872 714 1076 770 voluptati
1109 723 1151 755 et
1189 714 1460 755 delectationi
1489 714 1665 762 relaxet,

310 786 479 828 abdicet
500 785 666 827 occulta
701 785 920 827 dedecoris
936 817 946 832 ,
972 786 1076 826 dura
1097 785 1294 827 laborum
1316 793 1520 841 sequatur
1535 816 1547 833 ,
1571 799 1668 842 gra-

309 857 373 898 via
396 856 696 913 periculorum.

365 925 438 966 Ill.
476 925 520 967 Si
544 925 668 980 igitur
699 925 940 981 pepererint
961 924 998 966 ei
1018 926 1171 974 ambae,
1198 940 1282 966 non
1302 924 1483 982 poterit,
1503 925 1639 981 inquit
1655 958 1665 972 ,

300 995 560 1052 primitivum
605 993 738 1035 filium
776 995 966 1036 amabilis
1008 995 1050 1035 in
1097 995 1353 1037 haereditatis
1400 995 1667 1036 institutione

304 1080 547 1122 praeponere
580 1064 792 1122 primitivo
833 1063 919 1105 filio
964 1065 1155 1106 odibilis¹
1178 1082 1188 1113 ;
1227 1080 1326 1106 cum
1362 1065 1465 1106 sciat
1501 1064 1667 1107 odibilis

310 1136 441 1177 filium
463 1136 719 1192 primitivum
739 1151 844 1177 esse.
873 1137 919 1177 In
944 1150 1027 1191 quo
1051 1150 1133 1177 uon
1158 1145 1242 1177 tam
1262 1136 1551 1192 praelationem
1568 1136 1670 1177 sim=

309 1207 474 1262 pliciter
491 1205 700 1263 signficari
723 1215 839 1261 puto,
862 1206 977 1261 quasi
1001 1207 1110 1247 inter
1132 1206 1366 1262 primitivos
1392 1205 1495 1248 duos
1512 1238 1523 1254 ,
1543 1221 1667 1262 quam

308 1277 617 1333 expressionem
649 1277 783 1316 solum
807 1275 973 1316 odibilis
994 1274 1126 1316 filium
1151 1276 1349 1332 primitivi
1374 1275 1531 1317 habere
1561 1291 1670 1332 prae-

308 1346 551 1402 rogativam.
575 1344 813 1386 Primitivus
831 1345 941 1400 enim
955 1345 1260 1403 primogenitus
1278 1355 1355 1394 est,
1376 1346 1509 1388 sancti
1527 1354 1666 1388 autem

308 1417 577 1474 primogeniti
597 1425 720 1464 sunt3
748 1416 844 1472 quia
877 1415 1054 1458 ‹Omnis
1071 1418 1284 1459 masculus
1310 1417 1554 1474 adaperiens
1575 1418 1670 1459 vul-

305 1507 321 1527 »
355 1503 466 1533 vam,
496 1495 664 1529 sanctus
695 1486 876 1529 Domino
905 1486 1127 1528 vocabitur
1146 1486 1175 1529 ².
1196 1505 1212 1526 »
1243 1487 1336 1530 Non
1368 1495 1507 1529 tamen
1530 1488 1666 1529 omnis

309 1557 614 1615 primogenitus
637 1565 830 1604 sanct1153
854 1570 939 1598 non
955 1556 1067 1598 enim
1089 1566 1258 1599 sanctus
1274 1557 1401 1608 Esau,
1427 1557 1498 1615 qui
1521 1557 1668 1615 utique

308 1628 628 1686 primogenitus.

367 1699 435 1742 lv,
465 1698 608 1741 Sancti
630 1706 772 1740 autem
807 1697 1078 1756 primogeniti
1106 1706 1227 1747 sunt;
1254 1698 1437 1755 denique
1459 1697 1592 1740 habes
1622 1698 1665 1740 iu

308 1769 502 1812 Numeris
526 1785 536 1811 :
570 1787 586 1808 α
603 1769 714 1811 Ecce
729 1768 805 1810 tuli
819 1767 984 1811 Levitas
999 1768 1050 1809 de
1071 1768 1212 1810 medio
1229 1766 1414 1810 filiorum
1435 1767 1566 1809 Israe‘l
1588 1782 1666 1824 pro

305 1861 321 1881 n
355 1842 469 1883 omni
492 1841 796 1898 primogenitO,
818 1839 888 1896 qui
903 1840 1229 1897 aperitvulvam,
1253 1853 1273 1880 a
1291 1837 1388 1881 filiis
1399 1839 1540 1881 Israel.
1559 1838 1661 1880 Mihi

308 1932 323 1952 ι)
355 1912 466 1954 enim
493 1912 534 1953 in
557 1927 639 1968 quo
665 1912 732 1954 die
757 1911 1078 1969 percussionem
1103 1909 1433 1966 primogenitum
1462 1908 1656 1966 AEgypti,

305 2002 320 2022 »
355 1981 611 2024 sanctificavi
640 1997 766 2024 omne
798 1980 1130 2039 primogenitum
1156 1980 1285 2022 Israel
1307 1978 1340 2021 ³.
1369 1998 1384 2019 ι)
1410 1978 1523 2035 Ergo
1545 1977 1664 2021 Levi-

303 2062 365 2095 tas
388 2067 463 2111 pro
484 2052 771 2110 primogenitis
799 2052 979 2109 accepit,
1007 2051 1124 2108 quasi
1145 2058 1338 2098 sanctos3
1356 2057 1523 2091 sanctos
1552 2048 1667 2090 enim

304 2123 605 2180 primogenitos
644 2138 734 2165 esse
771 2121 1068 2180 cognoscimus
1089 2135 1140 2162 ex
1169 2120 1358 2178 Epistola
1393 2120 1444 2161 ad
1463 2118 1666 2161 Hebraeos

304 2194 475 2250 scripta,
490 2194 532 2235 in
546 2209 625 2250 qua
638 2193 860 2235 habemus:
877 2210 892 2230 ιι
908 2191 992 2234 Sed
1003 2189 1372 2248 appropinquastis
1392 2188 1492 2231 Sion
1513 2189 1665 2238 monti,

302 2273 374 2305 »et
415 2264 571 2306 civitati
600 2264 891 2312 Hierusalem,
926 2271 968 2304 et
991 2264 1141 2304 decem
1173 2261 1360 2303 millibus
1383 2260 1666 2317 Angelorum,

305 2343 375 2376 »et
394 2334 592 2377 Ecclesiae
615 2334 927 2392 primitivarum
943 2332 975 2374 ⁴.
995 2351 1010 2371 »
1035 2332 1145 2389 Ergo
1167 2331 1277 2374 sicut
1301 2329 1569 2389 primogeniti
1590 2327 1668 2371 Ec-

306 2406 442 2448 clesiae
469 2406 619 2456 sancti,
647 2406 706 2449 sic
727 2414 770 2448 et
786 2403 964 2453 Levitae3
988 2403 1190 2461 quoniam
1207 2402 1283 2461 ipsi
1308 2416 1477 2460 quoque
1508 2400 1667 2459 primo-

352 2517 360 2531 1
384 2509 481 2541 Deut.
499 2519 565 2544 xxi.
586 2509 634 2545 16,
657 2519 706 2551 ¹7·
721 2526 762 2534 —
782 2518 795 2534 2
813 2507 921 2542 Exod.
938 2518 1042 2546 xima
1059 2511 1092 2541 et
1105 2506 1185 2540 Luc.
1200 2516 1236 2545 ιι,
1255 2505 1306 2540 23.
1323 2522 1363 2531 -
1384 2506 1400 2530 ³
1426 2503 1526 2540 Num.
1541 2514 1594 2545 ιιι,
1614 2513 1666 2537 12.

305 2580 346 2588 -
365 2564 378 2588 ⁴
392 2562 496 2596 Hebr.
514 2574 573 2600 ιιι,
587 2574 637 2596 22.
