1774 3158
418 260 470 287 m:
502 258 626 287 onrru
661 258 878 286 THEODOSII
911 258 1083 288 onA‘rio.
1347 244 1427 288 123

83 346 143 383 sat
165 337 453 382 adoiescentiae
475 337 602 386 sores,
626 336 863 394 provectior
882 346 1002 380 aetate
1025 353 1150 395 quam
1176 337 1324 382 Josias.
1353 338 1428 382 Ilio

83 409 191 451 enim
208 409 427 450 destitutus
440 416 570 465 patre,
587 423 704 448 orsus
718 407 937 464 imperium
954 423 1082 464 usque
1098 411 1148 450 ad
1167 409 1427 451 tricesimum

81 486 121 519 et
138 478 318 535 primum
353 493 506 519 annum
531 477 646 534 regni
680 478 742 518 sui
768 477 962 533 perduxit
985 486 1150 519 aetatem
1167 511 1176 526 ‚
1201 489 1242 521 et
1274 480 1430 536 placuit

76 548 278 591 Domino’
298 566 308 595 ,-
328 549 524 605 quoniam
545 563 627 604 prae
646 547 804 588 caeteris
827 547 993 602 regibus
1008 548 1132 589 Israel
1150 547 1317 590 Domini
1337 550 1429 590 Pus-

77 618 155 660 cha
194 619 446 666 celebravit,
488 627 529 659 et
563 617 908 659 coeremoniarum
942 617 1120 658 abolevit
1143 633 1318 658 errores.
1346 619 1426 659 Asa

78 703 244 744 quoque
267 689 403 730 adhuc
432 688 636 729 invalidus
660 687 846 743 corporis
878 687 1054 736 robore,
1091 702 1188 727 cum
1226 687 1428 743 regnandi

79 759 287 800 curricula
306 758 557 815 recepisset,
576 758 848 814 quadraginta
874 745 991 799 annis
1010 757 1196 814 regnavit
1214 757 1252 798 in
1277 758 1428 798 Hieru-

78 829 204 870 salem
233 845 241 870 :
271 829 341 884 qui
365 844 462 870 cum
495 828 741 885 [Ethiopum
773 827 933 869 infinita
960 836 1180 883 urgeretur
1217 836 1339 883 atque
1363 828 1428 869 in-

77 900 327 941 numerabili
360 899 656 947 muhitudine,
689 899 869 955 speravit
897 914 917 940 a
939 898 1122 940 Domino
1145 907 1186 940 et
1218 898 1261 941 in
1285 899 1428 956 paucis

76 986 120 1012 se
148 986 267 1026 posse
290 970 436 1011 salvari
452 969 481 1011 ².
503 988 518 1008 »
533 970 697 1011 [tinam
717 978 801 1011 tam
821 968 953 1011 fidelis
971 985 1189 1026 processu,
1215 986 1339 1027 quam
1362 972 1432 1012 dc·

77 1049 195 1081 votus
219 1041 414 1081 exordio!
435 1040 537 1082 Nam
562 1049 747 1082 servatus
766 1041 805 1081 in
827 1040 969 1097 paucis
988 1049 1029 1081 et
1053 1041 1184 1082 victor
1200 1073 1210 1089 ,
1235 1051 1375 1098 postca
1406 1056 1426 1082 a

75 1109 191 1165 Syris
235 1110 383 1151 auxilia
398 1143 409 1158 ,
451 1110 597 1151 relicto
635 1110 840 1157 Domino,
877 1110 1127 1166 postulavit,
1167 1119 1208 1152 et
1243 1109 1429 1151 medicos

78 1179 268 1220 adhibuit
297 1180 348 1220 ad
379 1180 534 1236 pedum
561 1181 774 1227 dolorem3
802 1187 975 1236 accepto
999 1179 1111 1220 enim
1135 1187 1249 1221 tanto
1274 1179 1428 1221 iudicio

76 1249 205 1291 divini
227 1249 378 1291 favoris
392 1283 401 1302 ‚
415 1250 704 1292 auxiliatorem
720 1266 840 1292 suum
855 1250 1147 1305 derelinquere
1162 1265 1243 1291 non
1259 1250 1402 1292 debuit
1418 1281 1428 1298 ‚

75 1321 146 1361 sed
166 1328 321 1362 tenere.
349 1320 448 1361 Ideo
471 1320 508 1361 ei
526 1335 605 1361 nec
628 1320 781 1362 medici
798 1320 1071 1376 prosuerunt,
1093 1328 1134 1361 et
1153 1320 1269 1376 quasi
1291 1319 1430 1360 incre-

75 1392 196 1433 dulus
218 1400 400 1432 mortem
424 1391 624 1448 implevit.

130 1460 239 1502 XVI.
265 1460 533 1502 sedulorum
552 1471 690 1518 patres
702 1461 827 1503 Abias
842 1469 883 1503 et
902 1461 1030 1503 Amos
1058 1460 1182 1503 ambo
1212 1458 1426 1501 infideles:

74 1530 333 1572 Theodosius
351 1546 448 1572 vero
469 1532 617 1589 plenus
637 1531 800 1573 timoris
821 1531 923 1578 Dei,
945 1531 1091 1587 plenus
1109 1528 1405 1571 misericordia:
1419 1561 1430 1576 ,

75 1616 291 1656 speramus
313 1603 427 1657 quod
447 1602 589 1642 liboris
611 1601 693 1642 suis
714 1603 820 1658 apud
842 1600 1052 1642 Christum
1078 1601 1226 1656 praesul
1246 1599 1401 1640 assistat
1418 1630 1428 1645 ,

74 1671 104 1713 si
130 1671 335 1712 Dominus
355 1672 558 1729 propitius
583 1672 634 1713 sit
660 1672 784 1712 rebus
804 1671 1013 1712 humanis.
1041 1671 1206 1712 Bonum
1225 1678 1287 1711 est
1309 1670 1429 1711 mise·

74 1741 203 1782 ricors
227 1742 378 1787 homo,
415 1741 484 1797 qui
511 1744 610 1782 dum
639 1741 725 1782 aliis
748 1741 966 1788 subvenit,
991 1740 1069 1781 sibi
1091 1739 1297 1788 consulit,
1323 1747 1364 1781 et
1386 1739 1426 1780 in

75 1811 209 1853 alieno
234 1814 419 1853 remedio
454 1815 624 1854 vulnera
658 1828 731 1854 sna
763 1821 893 1854 curat.
923 1812 1123 1868 Agnoscit
1144 1811 1255 1852 enim
1280 1827 1322 1852 se
1341 1826 1429 1852 esse

73 1881 284 1923 hominem
302 1914 311 1928 ‚
341 1883 409 1938 qui
435 1883 550 1924 novit
579 1883 795 1939 ignoscere
821 1897 831 1922 ι
858 1890 898 1923 et
924 1881 1005 1922 vias
1030 1880 1183 1922 Christi
1212 1881 1400 1937 sequitur
1417 1913 1426 1929 ,

74 1952 144 2007 qui
170 1966 296 1994 carne
326 1962 541 2010 suscepta,
569 1953 717 1995 maluit
741 1953 783 1994 in
817 1953 930 1994 hunc
956 1953 1164 1993 mundum
1188 1952 1430 2008 redemptor

73 2021 237 2070 venire,
264 2037 387 2078 quan]
410 2022 549 2078 judex.

131 2090 264 2133 XVII.
303 2093 422 2133 Unde
439 2093 616 2149 pulchre
633 2093 847 2134 psalmista
864 2092 964 2134 dixit
993 2107 1001 2133 :
1023 2110 1037 2130 «
1058 2092 1191 2133 Dilexi
1207 2124 1215 2142 ‚
1231 2091 1429 2147 quoniam

74 2159 301 2202 »exaudiet
317 2161 522 2203 Dominus
540 2177 687 2204 vocem
705 2162 903 2203 orationis
922 2161 1062 2202 1nt=ae³.
1081 2179 1095 2198 »
1111 2161 1157 2201 In
1173 2176 1257 2216 quo
1269 2161 1432 2203 Psalmo

76 2230 174 2271 dum
198 2231 370 2286 legitur,
388 2232 500 2272 velut
523 2232 658 2288 ipsum
676 2232 958 2274 Theodosium
993 2232 1239 2286 loquentem
1269 2230 1431 2271 audivi-

75 2316 181 2342 mus.
203 2301 360 2343 «Dilexi
378 2302 568 2358 ,winquit
593 2318 601 2344 :
633 2318 813 2359 agnosco
840 2317 985 2343 vocem
1011 2302 1119 2358 piam
1141 2333 1151 2348 ,
1177 2300 1298 2357 cujus
1322 2301 1434 2342 testi-

75 2371 214 2412 monia
245 2371 356 2413 vocis
383 2387 576 2429 agnosco.
607 2373 659 2414 Et
685 2388 779 2414 vere
808 2372 980 2419 dilexit,
1008 2373 1077 2427 qui
1103 2370 1242 2412 officia
1264 2371 1433 2428 diiigen-

78 2440 160 2481 tius
180 2440 382 2497 iuiplevit3
403 2442 473 2497 qui
501 2443 678 2484 servavit
695 2442 851 2490 hostes;
872 2442 941 2497 qui
965 2441 1106 2483 dilexit
1129 2441 1339 2488 ininiicos3
1365 2440 1434 2495 qui

78 2509 148 2557 iis,
173 2526 193 2552 a
218 2511 368 2567 quibus
391 2521 453 2554 est
473 2514 705 2570 appetitus,
734 2513 913 2570 ignovit3
943 2512 1012 2568 qui
1034 2510 1150 2568 regni
1173 2509 1435 2552 affectatores

123 2593 130 2613 ¹
148 2590 166 2628 4
189 2591 266 2633 Reg.
282 2602 360 2627 xxii,
383 2602 409 2629 ι,
427 2597 458 2623 et
473 2602 563 2634 seqq.
578 2611 618 2617 —
636 2602 647 2616 ²
669 2592 686 2622 3
703 2593 782 2634 ch.
802 2603 853 2631 xv,
873 2592 902 2623 8.
925 2609 963 2614 —
981 2593 994 2615 ³
1015 2590 1094 2623 hal.
1116 2599 1203 2627 cxiv,
1230 2600 1257 2621 1.
