1774 3158
274 229 356 278 224
822 240 853 267 S.
894 241 1085 269 Annaosu

269 319 505 362 secundum
531 318 706 376 gratiam
723 351 732 365 ,
757 319 969 374 geminam
999 321 1159 362 habens
1184 320 1517 378 redemptionem
1535 355 1544 370 ,
1589 331 1631 364 et

269 389 501 432 devotionis
525 394 565 430 et
586 389 809 446 sanguinis.
839 389 926 432 Nec
947 390 1059 431 enim
1083 389 1188 432 fides
1214 392 1300 433 sola
1331 393 1382 433 ad
1405 392 1634 449 perfectio·

268 475 364 502 nem
384 460 482 501 satis
505 468 583 509 est,
607 459 682 500 nisi
714 459 840 501 etiam
863 460 1122 517 baptismatis
1156 461 1410 518 adipiscatur
1429 464 1631 520 gratiam,

268 539 309 572 et
326 530 572 587 sangninem
587 529 746 571 Christi
765 531 1007 588 redemptus
1022 531 1213 588 accipiat.
1236 533 1353 575 Bona
1364 549 1462 590 ergo
1477 534 1632 576 drach-

270 615 362 647 ma,
387 615 478 655 quae
500 599 590 640 Deo
614 600 803 641 solvitur.

326 670 447 713 XXI.
486 670 578 713 Non
609 678 671 712 est
711 670 913 712 drachma
937 671 1134 713 denarius
1155 672 1275 728 (85),
1311 673 1385 715 sed
1422 672 1633 716 diversum

270 750 348 783 est.
385 741 577 797 Denique
603 741 644 782 in
670 740 843 782 denario
868 742 1005 798 imago
1035 742 1207 784 Caesaris
1230 752 1316 792 est,
1348 743 1390 785 in
1429 745 1634 786 drachma

274 811 409 868 imago
429 812 533 859 Dei3
557 811 656 868 quia
677 811 802 852 unius
826 820 888 853 est
911 811 1012 860 Dei,
1039 813 1089 854 ad
1108 813 1385 855 imitationem
1405 814 1544 871 ipsius.
1570 814 1635 857 Ab

273 898 357 924 uno
382 882 551 940 incipit,
581 891 622 924 et
645 883 687 924 in
721 881 930 924 infinitum
969 882 1244 925 diffunditur¹
1277 899 1285 925 :
1316 892 1357 926 et
1391 885 1544 927 iterum
1586 887 1638 927 de

274 953 437 995 infinito
458 969 634 995 numero
654 954 694 995 in
719 969 850 995 unum
866 987 876 1002 ,
903 954 1018 1010 quasi
1039 954 1078 995 in
1097 954 1225 995 finem
1250 955 1391 997 omnia
1415 963 1638 997 revertun-

275 1033 368 1072 tur3
395 1024 490 1080 quia
513 1024 625 1065 Deus
659 1032 701 1065 et
738 1023 992 1080 principium
1018 1033 1059 1066 et
1092 1023 1186 1065 finis
1205 1025 1396 1066 omnium
1415 1033 1491 1067 est.
1516 1025 1637 1067 Unde

273 1108 353 1135 nec
377 1108 602 1134 numerum
635 1093 841 1142 monada,
880 1095 952 1135 sed
975 1094 1232 1135 elementum
1263 1095 1455 1143 numeri,
1481 1094 1640 1151 quihus

276 1178 323 1204 ea
356 1178 454 1204 cura
477 1171 562 1210 est,
599 1163 930 1220 appellaverunt.
977 1163 1028 1204 Et
1066 1163 1147 1205 hoc
1174 1172 1398 1221 propterea
1421 1164 1603 1206 diximus
1627 1196 1638 1213 ‚

277 1235 373 1291 qnia
396 1235 600 1292 scriptum
625 1243 688 1276 est
719 1249 760 1275 :«
783 1234 869 1290 Ego
894 1249 987 1275 sum
1021 1256 1044 1276 α
1068 1243 1172 1283 eta,
1203 1235 1364 1292 primus
1401 1243 1443 1277 et
1471 1235 1642 1278 novissi-

279 1324 295 1345 »
310 1321 402 1348 mus
417 1305 429 1325 ²
444 1322 454 1354 3
475 1325 489 1344 »
512 1312 569 1354 et,
598 1323 613 1343 ιι
630 1304 764 1353 Audi,
785 1305 928 1354 Israe‘l,
944 1305 1148 1347 Dominus
1160 1305 1272 1348 Dens
1286 1315 1379 1348 tuus
1394 1305 1506 1349 Deus
1522 1321 1631 1349 unus

277 1397 293 1416 »
309 1377 414 1420 est³.
439 1396 454 1416 »

338 1448 480 1491 XXII.
508 1448 559 1489 Et
576 1456 621 1489 tu
640 1463 740 1504 ergo
767 1447 819 1489 ad
843 1447 1161 1490 similitudinem
1179 1448 1256 1490 Dei
1281 1463 1388 1489 unus
1407 1456 1496 1489 esto
1520 1455 1644 1504 atque

281 1518 391 1561 idem
419 1534 427 1560 :
451 1534 536 1560 non
565 1518 691 1560 hodie
714 1518 902 1567 sobrius,
935 1534 1026 1560 cras
1059 1519 1200 1561 ebrius
1222 1534 1231 1559 :
1263 1519 1390 1560 hodie
1413 1517 1642 1576 pacificus,

282 1592 463 1634 crastina
483 1591 549 1633 die
567 1591 771 1646 litigiosus
801 1605 809 1630 :
844 1590 970 1631 hodie
992 1590 1127 1647 frugi,
1154 1590 1335 1632 crastina
1360 1589 1426 1631 die
1459 1589 1645 1632 inconti-

282 1679 406 1712 nens;
432 1670 621 1704 mutatur
648 1661 762 1702 enin}
789 1660 1078 1717 unusquisque
1124 1675 1293 1702 morum
1337 1660 1564 1708 varietate,
1606 1668 1647 1702 et

279 1734 330 1778 fit
347 1736 475 1777 alter:
498 1735 536 1775 in
552 1748 636 1790 quo
661 1748 746 1775 non
768 1733 1009 1789 agnoscitur
1026 1765 1035 1781 ‚
1060 1735 1174 1789 quod
1192 1732 1291 1780 suit,
1309 1741 1351 1774 et
1366 1731 1514 1789 incipit
1531 1746 1620 1773 esse
1634 1765 1645 1781 ,

284 1807 398 1863 quod
420 1820 507 1847 non
528 1804 629 1852 fuit,
656 1804 717 1845 sui
741 1805 936 1859 degener.
961 1803 1096 1845 Grave
1121 1811 1181 1845 est
1202 1804 1315 1845 0111111
1334 1803 1489 1845 mutari
1511 1803 1551 1844 in
1577 1818 1646 1860 pe·

283 1878 349 1935 jus
372 1893 381 1919 t
407 1877 480 1918 sed
500 1884 588 1918 esto
604 1875 715 1915 sicut
736 1873 873 1930 imago
896 1873 938 1914 in
958 1873 1159 1915 drachma
1176 1906 1186 1921 ‚
1208 1872 1507 1925 immutabilis,
1523 1887 1640 1914 eum-

287 1947 381 1989 dem
403 1946 594 1988 habitum
612 1958 778 1986 servans
799 1942 1000 1999 quotidie.
1019 1942 1176 1986 Videns
1195 1943 1460 1991 drachmam,
1478 1943 1648 1984 attende

284 2019 509 2075 imaginem
526 2050 535 2064 ,
551 2017 632 2058 hoc
657 2024 744 2062 est,
769 2014 914 2056 videns
937 2014 1092 2070 Legem
1109 2047 1118 2065 ‚
1141 2015 1310 2055 attende
1334 2014 1376 2055 in
1400 2013 1511 2070 Lege
1534 2013 1647 2054 ima-

286 2089 425 2146 ginem
447 2086 522 2130 Dei
548 2084 818 2131 Christum‘·;
856 2083 952 2139 quia
977 2083 1065 2140 ipse
1102 2083 1239 2139 imago
1266 2083 1343 2124 Dei
1371 2081 1588 2123 invisibilis
1605 2089 1647 2122 et

284 2156 615 2215 incorruptibilis
633 2189 642 2204 ,
667 2157 807 2197 luceat
830 2154 905 2195 tibi
928 2154 1043 2194 velut
1066 2153 1106 2194 in
1135 2153 1307 2209 speculo
1329 2152 1463 2208 Legis.
1500 2150 1644 2192 Conss-

284 2239 372 2272 tere
394 2243 490 2271 eum
521 2228 563 2268 in
583 2226 712 2282 Lege,
734 2232 779 2265 ut
816 2238 914 2264 eum
950 2223 992 2264 in
1020 2223 1248 2280 Evangelio
1273 2236 1567 2279 recognoscas.
1600 2219 1643 2262 Si

284 2299 514 2358 cognovisti
539 2297 581 2339 in
604 2295 812 2338 mandatis
828 2327 839 2343 ‚
866 2309 1123 2352 recognosce
1147 2295 1186 2336 in
1210 2293 1423 2351 operibus.
1451 2292 1576 2341 Vale,
1602 2300 1644 2334 et

283 2372 315 2413 si
340 2385 425 2412 non
449 2368 709 2411 infructuose
747 2365 1045 2407 didrachmum
1083 2366 1197 2407 istud
1230 2364 1502 2406 commissum
1540 2362 1645 2404 mihi

283 2441 512 2488 arbitraris,
532 2439 685 2480 iterum
701 2436 845 2493 siquid
863 2436 1008 2483 habes,
1023 2436 1290 2477 committere
1302 2449 1354 2476 ne
1374 2433 1644 2475 dubitaveris.

325 2542 333 2556 ¹
356 2531 474 2565 Matth.
496 2541 578 2568 uu,
597 2538 650 2562 22.
675 2546 713 2553 —
739 2538 750 2552 ²
779 2528 881 2571 Apoc.
901 2538 925 2566 1,
946 2527 979 2561 8.
996 2545 1034 2552 -
1059 2529 1072 2551 3
1097 2528 1197 2560 Dent.
1218 2537 1261 2565 vn,
1284 2526 1316 2565 4.
1336 2543 1376 2550 -
1393 2524 1528 2556 aeolos.
1548 2535 1572 2563 1,
1595 2524 1648 2560 ι5,
