1774 3158
287 265 370 317 442
838 281 873 310 s·
911 280 1106 310 Animosa

285 373 382 400 nem
399 358 527 401 totius
544 358 750 416 corporis,
765 367 805 401 et
818 360 956 403 adhuc
970 359 1276 417 ingemiscunt3
1295 360 1390 417 quia
1410 361 1640 404 multorum

283 436 344 469 est
365 428 501 477 labor,
528 428 599 484 qui
631 428 767 471 adhuc
790 429 1011 472 ssuctnant.
1042 430 1095 471 Ut
1117 430 1149 470 si
1174 429 1322 485 aliquis
1347 431 1398 471 ad
1422 431 1640 486 superiora

286 513 327 539 se
352 498 503 540 littoris
524 499 724 541 subsistat
742 508 782 542 et
801 501 940 543 adbuc
960 500 1100 542 medio
1124 514 1302 557 corpore
1329 502 1515 543 caedatur
1535 501 1640 543 ssuc-

285 568 412 617 tibns,
438 569 675 625 ingemiscit
700 579 741 612 et
764 571 1058 627 comparturit,
1090 570 1224 612 donec
1249 579 1361 613 totus
1385 572 1547 613 evadat.
1574 572 1640 613 In-

287 638 480 694 gemiscit
497 639 658 695 utique,
684 640 754 696 qui
774 640 910 682 adhuc
933 640 1054 682 nobis
1078 640 1179 681 dicit
1201 655 1209 681 :
1228 658 1242 678 «
1261 640 1366 691 Quis
1384 639 1637 689 infirmatur,

287 715 357 748 »et
381 722 457 765 ego
481 723 565 750 non
589 708 802 751 infirmor¹
822 710 839 751 Ξ)
860 728 875 749 n
935 716 940 720 ”

345 778 461 821 XIII.
498 779 590 822 Non
622 796 720 838 ergo
749 797 824 823 nos
856 790 1045 829 moveat,
1080 782 1196 837 quod
1225 782 1280 822 ita
1311 781 1516 838 scriptum
1549 787 1637 822 est:

297 865 312 886 α
332 849 416 900 Qui
439 850 643 907 primitias
667 852 848 908 Spiritus
868 853 1087 900 habentes,
1115 853 1191 909 ipsi
1215 852 1322 894 intra
1343 868 1418 895 nos
1442 852 1641 909 ingemis-

287 919 467 967 »cimus,
495 921 765 976 adoptionem
788 921 971 963 filiorum
996 930 1280 979 expectantes,
1306 923 1641 978 redemptionem

288 1006 302 1026 n
319 989 507 1044 corporis
531 989 688 1031 nostri²
707 1007 717 1038 ;
739 1008 752 1028 r>
768 1006 912 1032 sensus
929 992 1040 1032 enim
1065 999 1233 1048 apertus
1258 999 1336 1039 est,
1358 1006 1406 1032 eo
1424 991 1536 1046 quod
1561 990 1642 1047 pri-

287 1058 425 1098 mitias
441 1058 621 1115 Spiritus
640 1059 842 1101 hahentes
856 1061 1154 1117 ingemiscunt,
1170 1052 1440 1118 adoptionem
1460 1059 1643 1101 filiorum

285 1137 553 1185 expectantes
575 1144 584 1170 :
605 1145 697 1186 quae
717 1131 885 1188 adoptio
904 1130 1106 1180 filiorum,
1132 1132 1369 1188 redemptio
1393 1131 1521 1172 totius
1543 1140 1643 1172 cor-

286 1200 399 1255 poris
414 1209 489 1249 est,
513 1203 682 1257 qnando
704 1202 810 1244 facie
831 1202 881 1243 ad
898 1203 1047 1245 faciem
1066 1203 1186 1260 quasi
1206 1203 1281 1244 Dei
1300 1202 1409 1243 filius
1428 1217 1502 1258 per
1520 1203 1644 1258 adop—

287 1270 444 1313 tionem
480 1272 639 1314 videbit
670 1273 776 1314 illud
813 1273 1002 1315 divinum
1039 1283 1080 1316 et
1116 1282 1319 1315 aeternum
1356 1274 1543 1321 bonum3
1581 1281 1644 1315 est

286 1341 399 1382 enim
419 1342 589 1399 adoptio
614 1341 798 1384 filiorum
821 1343 864 1384 in
887 1344 1074 1385 Ecclesia
1093 1344 1279 1392 Domini,
1301 1345 1470 1400 qnando
1491 1343 1644 1386 clamat

286 1412 465 1469 Spiritus
486 1428 495 1453 :
513 1412 664 1454 «Abba
685 1413 856 1470 pater³;
877 1414 1016 1456 »sicut
1031 1415 1159 1457 habes
1183 1416 1234 1456 ad
1256 1414 1436 1456 Galatas.
1465 1412 1548 1455 Sed
1570 1414 1639 1455 illa

286 1483 364 1524 erit
386 1483 570 1540 perfecta
587 1516 597 1532 ‚
622 1485 791 1540 quando
816 1494 1036 1542 resurgent
1065 1500 1211 1527 omnes
1237 1485 1279 1527 in
1302 1484 1635 1542 incorruptione,

284 1554 467 1602 honore,
501 1555 629 1612 gloria
646 1588 655 1603 ‚
680 1555 750 1612 qui
774 1564 1018 1597 mereantur
1047 1556 1122 1598 Dei
1148 1556 1298 1597 faciem
1331 1555 1499 1604 videre3
1537 1563 1638 1597 tunc

284 1624 398 1665 enim
415 1639 512 1666 vere
529 1626 793 1682 redemptam
812 1640 855 1667 se
872 1625 1057 1667 humana
1071 1626 1280 1682 judicabit
1297 1626 1496 1668 conditio.
1519 1626 1639 1667 Unde

286 1693 511 1750 Apostolus
523 1695 726 1751 gloriatur
743 1695 887 1737 dicens
910 1710 952 1737 z«
972 1695 1082 1747 Quia
1095 1711 1167 1753 spe
1182 1695 1280 1737 salvi
1298 1695 1396 1737 sacti
1410 1694 1594 1737 sumus&
1612 1713 1628 1734 n

285 1763 425 1806 Salvat
447 1765 560 1807 enim
589 1781 704 1823 spes,
734 1765 845 1808 sicut
875 1774 918 1807 et
947 1764 1076 1815 fides,
1101 1766 1152 1808 de
1174 1781 1255 1822 qua
1280 1765 1435 1808 dicitur
1453 1780 1462 1806 z
1481 1783 1495 1804 α
1512 1765 1639 1807 Fides

284 1852 299 1872 n
315 1842 383 1876 tua
407 1842 448 1876 te
469 1836 628 1878 salvum
651 1835 795 1878 fecit⁵.
819 1854 835 1874 »

342 1905 457 1948 XIV.
494 1906 603 1963 Ergo
627 1913 818 1949 creatura
841 1921 933 1963 quae
960 1921 1046 1949 non
1067 1915 1233 1964 sponte,
1263 1906 1335 1948 sed
1359 1905 1400 1947 in
1422 1920 1496 1964 spe
1520 1905 1641 1947 vani-

286 1974 358 2016 tati
377 1974 567 2031 subjecta
583 1974 690 2025 est⁸‚
713 1991 786 2034 spe
805 1977 1004 2024 salvatur,
1022 1977 1129 2019 sicut
1148 1984 1190 2018 et
1208 1977 1379 2025 Paulus,
1399 1989 1497 2017 cum
1516 1974 1642 2018 sciret

283 2046 452 2088 lucrum
475 2046 554 2088 sibi
577 2062 666 2089 esse
686 2047 820 2096 mori,
846 2056 892 2089 ut
921 2063 1020 2089 cum
1044 2047 1211 2089 Christo
1233 2055 1342 2089 esset
1362 2048 1523 2089 solutus
1551 2061 1641 2088 cor-

285 2132 388 2174 pore
403 2149 413 2165 ,
439 2117 717 2174 permanebat
740 2118 780 2158 in
803 2132 930 2159 carne
961 2126 1135 2175 propter
1157 2132 1228 2159 eos
1250 2131 1355 2173 quos
1379 2115 1547 2158 Christo
1571 2130 1642 2157 ac-

283 2186 507 2242 quireret⁷.
528 2187 630 2244 Spes
647 2195 788 2229 autem
803 2188 904 2244 quid
923 2195 1002 2236 est,
1022 2187 1101 2228 nisi
1119 2187 1360 2229 futurorum
1378 2185 1642 2243 expectatio?

287 2257 406 2298 Unde
440 2256 495 2298 ait
516 2271 526 2297 t
545 2274 559 2295 α
579 2257 682 2314 Spes
705 2265 845 2299 autem
868 2273 961 2314 quae
984 2258 1167 2305 videtur,
1196 2273 1281 2299 non
1304 2264 1366 2299 est
1397 2271 1505 2314 spes·
1549 2255 1642 2299 Non

284 2327 427 2368 »enim
448 2341 540 2383 quae
566 2328 777 2376 videntur,
805 2327 879 2369 sed
901 2342 992 2384 quae
1016 2342 1101 2370 non
1123 2327 1338 2376 videntur,
1359 2334 1513 2368 aeterna
1525 2332 1636 2368 sunt.

285 2396 419 2440 »Nam
452 2398 567 2454 quod
601 2397 712 2439 videt
745 2397 863 2454 quis,
906 2397 1009 2454 quid
1043 2397 1239 2455 sperat⁸i³
1264 2397 1498 2439 »Videmur
1528 2395 1640 2438 enim

281 2478 426 2512 tenere
462 2484 537 2518 ea,
571 2484 665 2525 quae
694 2469 885 2511 videmus
906 2470 1145 2526 :quomodo
1177 2484 1276 2527 ergo
1307 2484 1399 2525 quae
1430 2476 1643 2516 tenemus,

321 2576 332 2594 ¹
354 2583 369 2602 ²
383 2572 462 2603 Cor.
478 2582 521 2606 xi,
537 2583 588 2614 29.
609 2590 649 2596 —-
662 2579 675 2595 ¹
695 2572 787 2603 Rom.
805 2582 881 2609 vui,
898 2571 950 2603 23.
966 2590 1006 2596 —
1022 2573 1035 2595 ³
1050 2571 1159 2604 Galat.
1178 2582 1220 2608 iv,
1237 2571 1267 2602 6.
1281 2588 1321 2595 -
1339 2571 1351 2596 ⁴
1373 2570 1468 2602 Rom.
1490 2579 1563 2607 vui,
1586 2567 1639 2605 ²4·

275 2643 313 2650 -
329 2626 342 2648 ⁵
362 2627 440 2658 Luc.
460 2636 555 2663 xviii,
569 2625 626 2664 4²·
641 2643 681 2651 —
702 2626 717 2649 ⁶
735 2626 920 2663 Romaiu,
937 2637 1036 2660 20.—-
1051 2632 1062 2655 7
1079 2624 1236 2668 Philip.1‚
1253 2635 1349 2658 21.—-
1362 2626 1376 2647 ⁸
1391 2623 1485 2657 Rorn-
1498 2632 1571 2663 vui,
1586 2621 1641 2660 ²1¹4·
