1774 3158
271 255 353 298 216
832 267 862 294 s.
902 265 1093 294 Annnosn

267 424 506 439 qussmm
516 420 1507 437 mn„mmmmnwmaesutwuzmmztmvdrn-zs
1513 424 1558 434 ns
1565 421 1623 435 Μ

736 537 1000 581 EPISTOLA
1029 536 1106 581 VII
1125 537 1155 579 ⁵.

273 691 396 732 Justo
416 688 663 731 sciscitanti
684 689 903 744 quidnam
923 687 1179 730 didrachmi
1201 687 1443 730 dimidium
1462 702 1544 745 pro
1565 701 1627 729 re·

333 762 583 819 demptione
599 758 1354 819 afferriproeeeptumsignificasset,
1367 758 1628 800 Ambrosius

332 833 534 876 rescribit
549 833 686 891 sidem
700 848 751 874 ae
767 832 1139 885 misericordiam,
1152 832 1202 872 in
1217 830 1371 886 quibus
1389 830 1629 887 redemptio

333 915 420 954 est,
440 920 486 947 eo
501 905 677 962 signari
697 920 711 945 .·
735 903 812 945 lecte
835 904 887 945 de
909 919 956 945 re
979 904 1095 944 idem
1112 904 1309 960 pretium
1332 902 1500 943 eunetis
1519 915 1630 958 prce-

334 976 574 1032 seriptum,
601 975 650 1014 in
668 989 750 1028 quo
771 989 870 1015 eum
891 987 1086 1027 manna,
1111 975 1236 1029 eujus
1264 987 1473 1014 mensura
1491 972 1542 1012 de
1566 986 1632 1012 sa-

327 1045 501 1103 pientia
515 1055 554 1086 et
576 1044 744 1086 Christi
759 1045 977 1100 sanguine
993 1044 1260 1101 explicatur,
1284 1044 1488 1100 congruit
1505 1057 1513 1083 :
1535 1057 1632 1083 eon-

331 1114 458 1172 gruit
492 1121 707 1170 proeterea
750 1127 851 1154 eum
876 1113 1077 1169 paschali
1117 1128 1234 1170 agno
1250 1147 1259 1162 ,
1292 1114 1369 1168 qui
1405 1113 1633 1169 (equaliter

335 1182 597 1225 distributus
638 1183 852 1237 mquatem
883 1183 1073 1242 singulis
1104 1183 1451 1240 redemptionem
1496 1182 1635 1224 tribui

334 1253 592 1304 indicabat;
623 1269 708 1308 quo
723 1255 857 1296 etiam
873 1257 1062 1312 refertur
1080 1255 1298 1312 promissa
1315 1256 1366 1295 in
1388 1253 1636 1311 Evangelio

335 1325 489 1367 eadem
514 1339 688 1367 merces.
716 1324 795 1366 His
817 1325 964 1367 subdit
990 1325 1217 1368 Christum
1246 1337 1443 1368 nostram
1467 1341 1553 1368 esse
1573 1341 1636 1367 re-

336 1396 655 1454 demptionem,
673 1413 755 1453 qua
773 1412 874 1438 eum
893 1412 975 1454 pro
997 1412 1039 1439 se
1067 1413 1156 1439 non
1183 1398 1410 1456 indigeat,
1433 1407 1638 1440 staterem

338 1483 428 1509 non
449 1483 553 1519 sua,
576 1469 650 1510 sed
670 1479 822 1510 nostra
840 1484 973 1511 eausa
999 1470 1101 1510 dari
1119 1470 1316 1526 jussisse.
1345 1470 1466 1522 Quid
1491 1470 1638 1511 eodem

340 1548 498 1580 statere
513 1538 903 1597 significetur,aut
922 1555 1000 1581 eur
1018 1540 1146 1582 illum
1164 1541 1473 1597 ignoraverint
1489 1540 1641 1582 Juclcet

339 1623 368 1648 a
392 1607 661 1650 Christianis
697 1608 818 1651 lzaud
848 1611 1076 1652 imitandi.
1105 1611 1281 1666 Adjicit
1312 1611 1556 1652 dimidium
1577 1610 1640 1650 di-

343 1677 551 1720 drachmi
570 1695 722 1721 eorum
737 1680 936 1739 figuram
953 1697 1057 1734 esse,
1076 1682 1153 1737 qui
1165 1683 1266 1723 vitoe
1279 1692 1455 1738 partem
1475 1680 1642 1722 mundo

339 1748 606 1806 impendunt
626 1766 640 1791 :
663 1751 778 1805 quod
799 1766 889 1792 non
924 1751 1118 1806 fecerunt
1143 1752 1320 1795 Hebraei
1343 1752 1485 1809 pueri.
1509 1751 1644 1794 Deni-

344 1834 426 1873 que
446 1818 520 1860 ubi
542 1821 768 1876 exposuit,
789 1837 921 1878 quare
941 1821 1163 1865 Dominus
1184 1822 1300 1878 quod
1324 1838 1413 1864 non
1437 1820 1638 1869 debebat,

340 1889 541 1943 solverit,
574 1891 759 1949 mystica
799 1892 1006 1947 quaedam
1037 1893 1234 1935 enucleat
1269 1893 1328 1935 ad
1353 1891 1644 1935 instituendos

343 1973 484 2002 mores
502 1959 681 2003 idoneoe.

661 2091 911 2134 Ambrosius
934 2094 1050 2135 Justo
1077 2095 1267 2137 salutem.

347 2212 378 2254 I.
413 2211 606 2256 Putemus
636 2216 859 2265 admones,
882 2217 1010 2259 frater·
1027 2250 1037 2266 ,
1061 2227 1106 2260 ut
1124 2219 1370 2275 epistolares
1396 2219 1582 2269 fabulas,
1605 2227 1648 2262 et

287 2297 526 2324 sermonem
567 2285 806 2328 absentium
852 2288 903 2329 ad
940 2288 1332 2346 interpretationem
1380 2290 1647 2332 conferamus

288 2352 448 2393 oraculi
472 2355 652 2397 coelestis
668 2388 678 2403 ,
706 2356 968 2414 interrogans
992 2373 1060 2399 me
1087 2359 1188 2414 quid
1221 2358 1429 2415 significet
1452 2360 1555 2402 illud
1584 2359 1648 2401 di-

291 2422 542 2465 drachmum
574 2425 658 2481 (80)
680 2459 690 2474 ,
723 2427 845 2483 cujus
868 2429 1089 2470 dimidium
1108 2430 1309 2471 Hebraeus
1333 2431 1575 2487 praecipitur
1593 2429 1650 2471 of-

290 2491 400 2534 ferre
422 2508 498 2550 pro
521 2495 813 2554 redemptione
836 2499 983 2541 animae
1010 2500 1134 2541 suae².
1159 2500 1272 2551 Quid
1296 2501 1408 2542 enim
1439 2509 1523 2543 tam
1551 2515 1650 2542 con·

337 2593 348 2609 1
366 2584 492 2629 Scripta
506 2592 579 2621 ante
596 2599 669 2621 ann.
686 2589 760 2623 581.
780 2609 819 2616 -—
838 2601 848 2615 ¹
868 2591 976 2624 Exod.
996 2603 1068 2630 xxx,
1090 2601 1140 2631 12,
1157 2596 1292 2635 etseqq.
