1774 3158
500 204 694 234 musrom
702 205 782 233 mm
815 205 970 235 eLAssxs
1004 208 1031 235 1.
1367 196 1448 238 305

102 284 215 330 Nova
260 284 456 328 videlicet
488 285 674 342 prodigia
707 294 942 335 terrarum,
982 302 1072 343 quae
1099 303 1318 345 nunquam
1358 298 1455 332 ante

106 356 367 404 acciderant;
393 370 490 397 cum
519 355 759 412 superstitio
791 356 957 412 gentilis
984 365 1069 399 toto
1102 359 1205 400 orbe
1242 359 1452 401 ferveret?

103 424 163 468 Re
182 440 276 467 vera
302 426 470 482 quando
496 433 590 466 ante
613 425 754 466 vacuis
780 425 919 467 avenis
948 441 1063 482 seges
1100 428 1211 469 avari
1236 437 1329 469 vota
1358 428 1456 470 lusit

106 496 317 553 agricolae,
330 505 371 538 et
385 510 501 553 spem
515 495 680 538 rusticae
696 495 828 552 plebis
843 495 1012 552 quaesita
1032 497 1159 539 sulcis
1176 498 1306 554 frugis
1325 498 1456 540 herba

107 565 323 608 destituit?

166 636 284 679 XIX.
323 636 376 678 Et
406 635 519 677 unde
553 634 708 677 Graecis
741 636 909 677 oracula
938 635 1079 678 habita
1112 652 1195 678 suae
1233 638 1456 694 quercus¹,

109 706 187 748 nisi
206 706 300 763 quia
317 706 551 748 remedium
576 705 786 762 sylvestris
809 706 1015 748 alimoniae
1038 707 1218 748 coelestis
1247 709 1462 764 religionis

114 777 271 818 donum
299 775 531 834 putarunt?
565 776 679 818 Talia
713 776 825 818 enim
860 791 1032 818 suorum
1075 792 1254 819 munera
1284 777 1465 819 credunt

113 848 301 889 deorum.
342 847 446 898 Quis
465 847 701 888 Dodonaeas
739 847 908 889 arbores
948 847 1025 889 nisi
1062 848 1249 904 gentium
1281 852 1465 906 populus

66 917 320 971 „,adoravit;
346 932 443 959 cum
467 917 670 973 pabulum
700 917 818 959 triste
843 918 927 975 agri
955 933 1178 960 nemorum
1204 918 1363 974 honore
1386 922 1467 975 520-

110 988 258 1030 naret?
281 988 373 1031 Non
398 996 460 1029 est
482 987 707 1029 verisimile
731 989 846 1044 quod
873 988 1136 1046 indignantes
1165 976 1311 1031 eorum
1347 992 1401 1032 dii
1425 992 1468 1034 id

107 1048 336 1114 propoeua
356 1057 599 1117 intulerint,
627 1059 742 1113 quod
770 1059 962 1100 solebant
988 1059 1141 1115 placati
1169 1060 1361 1103 conferre
1389 1076 1465 1118 pro

109 1142 298 1170 munere.
388 1118 391 1119 ⁷

167 1198 266 1240 XX.
296 1198 399 1249 Quae
420 1206 558 1238 autem
577 1197 764 1253 aeqtiitas,
785 1206 832 1238 ut
850 1198 992 1253 paucis
1011 1199 1301 1240 sacerdotibus
1320 1199 1461 1242 dolen-

110 1276 170 1310 tes
189 1268 346 1309 victum
367 1277 582 1323 negatum,
608 1267 683 1323 ipsi
703 1267 900 1308 omnibus
921 1268 1199 1324 denegarent3
1216 1284 1312 1310 cum
1331 1270 1464 1312 incle-

108 1337 292 1379 mentior
313 1345 422 1378 esset
445 1336 628 1377 vindicta
644 1368 654 1383 ,
681 1350 806 1392 quam
838 1337 991 1391 culpa?
1019 1337 1112 1378 Non
1135 1346 1197 1379 est
1219 1338 1356 1395 rigitur
1380 1340 1464 1381 ido-

108 1423 206 1456 nea,
233 1422 324 1464 quae
349 1415 506 1448 tantam
530 1405 822 1462 aegritudinem
850 1406 997 1446 mundi
1015 1406 1196 1449 fallentis
1218 1423 1342 1451 causa
1362 1425 1465 1467 con-

109 1477 345 1524 strinxerit;
370 1484 417 1518 ut
438 1476 670 1517 virentibus
690 1475 899 1532 segetibus
918 1475 1057 1516 subito
1080 1491 1174 1533 spes
1197 1479 1295 1520 anni
1323 1466 1462 1522 adHlta

108 1538 359 1590 moreretur.

167 1618 282 1661 XXI.
305 1619 356 1660 Et
373 1626 487 1661 certe
505 1625 600 1659 ante
619 1617 820 1673 plurimos
842 1631 970 1659 annos
987 1619 1247 1674 templorum
1263 1616 1365 1675 jura*
1376 1631 1461 1664 toto

109 1690 210 1732 orbe
237 1689 399 1731 sublata
421 1697 548 1730 sunt:
574 1689 774 1729 modo-ne
799 1689 971 1729 demum
999 1688 1076 1729 diis
1103 1689 1324 1745 gentilium
1346 1695 1461 1735 venit

108 1761 150 1802 in
169 1768 353 1801 mentem
376 1773 468 1800 suas
491 1757 664 1813 injurias
686 1759 821 1800 ultum
839 1758 928 1800 ire?
946 1758 1170 1815 Propterea
1198 1776 1276 1803 nec
1297 1774 1461 1808 assueto

109 1845 235 1873 cursu
265 1830 382 1872 Nilus
409 1828 636 1876 intumuit,
674 1837 719 1870 ut
748 1829 997 1871 urbicorum
1034 1832 1303 1898 sacerdotum
1336 1838 1453 1891 (111)

108 1900 324 1957 dispendia
347 1899 604 1947 vindicaret,
635 1898 706 1955 qui
727 1914 812 1940 non
829 1899 1054 1942 vindicavit
1080 1903 1282 1944 suorum?

164 1970 303 2013 XXII.
341 1969 439 2010 Esto
469 1976 608 2010 tamen
642 1969 673 2010 si
701 1969 917 2026 superiore
948 1984 1057 2011 anno
1087 1971 1263 2014 deorum
1286 1989 1458 2021 suorum

107 2039 280 2096 injurias
302 2038 533 2080 vindicatas
557 2045 732 2093 putant,
749 2054 825 2080 cur
852 2040 1045 2096 praesenti
1062 2055 1171 2082 anno
1195 2049 1458 2104 contemptui

105 2108 359 2151 sum-ewam
380 2108 493 2150 enim
510 2123 588 2149 nec
608 2108 839 2150 herbarum
862 2110 988 2151 vulsis
1011 2111 1224 2153 radicibus
1246 2117 1457 2161 rusticana

90 2180 226 2237 ‘plebs
248 2179 455 2237 pascitur,
482 2193 558 2220 nec
580 2179 722 2220 haccae
745 2180 956 2236 sylvestris
978 2181 1168 2237 explorat
1185 2184 1352 2235 solati33
1376 2203 1456 2232 nec

154 2312 161 2326 ¹
184 2303 306 2346 Utique
322 2313 358 2334 ex
376 2302 464 2344 Virg.
479 2301 540 2333 lib.
558 2313 593 2332 ιι.
613 2302 737 2344 Gan-g.
754 2312 838 2335 vers.
861 2303 911 2340 16,
927 2303 980 2334 ubi
995 2303 1134 2345 legitur:

409 2368 515 2410 Atque
532 2368 649 2400 habitae
665 2369 770 2411 Grajis
786 2371 912 2401 oracuia
928 2381 1072 2412 quercus.

107 2434 155 2465 De
168 2433 339 2466 Dodonaeis
366 2444 464 2474 porro
484 2433 663 2475 quercubus
687 2434 738 2465 hic
765 2435 815 2475 agi
843 2440 983 2471 constat;
1010 2435 1048 2467 de
1075 2435 1190 2479 quibus
1210 2444 1325 2480 praeter
1344 2440 1458 2484 virgili

105 2493 371 2520 commentatores
384 2487 424 2518 ad
434 2497 561 2520 versum
577 2487 722 2526 citatum,
737 2487 902 2522 consulere
915 2488 1012 2521 etiam
1029 2488 1102 2523 licet
1118 2488 1298 2524 Erasznum.
1324 2493 1408 2526 Chil.
1432 2507 1456 2527 1.

105 2542 203 2575 Cent-
223 2552 251 2574 1.
271 2542 394 2584 Adagio
410 2553 441 2584 7.

224 2611 306 2640 mu.
1293 2614 1344 2644 20
