1774 3158
661 192 996 226 Annon-nonas.
1420 186 1502 242 527

492 358 739 388 ANNOTATlo
771 344 895 402 (143)
932 359 1026 403 pag.
1066 344 1163 402 393.

219 481 400 523 Irenaeus
432 480 527 530 ille,
556 481 608 523 ad
637 494 762 536 quem
793 485 854 520 tot
880 478 1090 520 Ambrosii
1126 478 1312 535 epistolae
1337 487 1504 530 extant,

159 549 350 607 quisnam
378 549 503 592 suerit
518 583 528 599 ,
549 549 795 606 ambiguum
811 555 888 590 est.
919 547 1116 590 Attamen
1135 564 1233 590 eum
1255 550 1477 592 diaconum
1496 584 1507 599 ‚

161 629 232 662 aut
257 621 395 678 potius
419 620 593 662 secundi
618 618 778 662 ordinis
795 617 1057 660 sacerdotem
1080 617 1206 660 fuisse
1230 619 1481 675 conjicimus
1497 652 1508 668 ‚

161 699 253 732 tum
274 693 389 748 quod
407 692 580 749 epistola
607 689 798 747 sequenti
824 689 862 730 ei
885 688 1154 730 sacerdotalis
1181 689 1274 730 vitae
1302 698 1512 746 praecepta

162 762 288 804 tradit
310 770 476 804 sanctus
497 770 655 810 noster,
680 768 769 801 tum
793 759 907 815 quod
926 759 1061 816 ipsum
1085 760 1136 800 de
1162 757 1389 814 Scripturae
1408 759 1512 801 diffi-

163 832 389 874 cultatibus
416 833 655 873 consultum
685 845 735 871 ex
757 830 930 886 epistola
954 844 1109 878 xxxm,
1139 828 1509 885 deprehendimus.

164 903 289 954 Quod
321 910 459 943 autem
502 901 751 944 Ambrosius
786 901 984 942 eumdem
1016 899 1057 940 in
1090 900 1361 956 epistolarum
1398 902 1514 942 calce

164 970 296 1013 filium
316 973 489 1020 salutat,
525 987 603 1013 nec
630 986 712 1012 nou
743 979 912 1027 proptor
937 970 1251 1026 persecutiones
1283 970 1336 1010 ob
1361 969 1516 1012 Christi

165 1043 338 1099 gloriam
362 1043 568 1083 constanti
594 1042 734 1083 animo
764 1042 960 1082 toleratas
991 1041 1160 1086 laudat3
1181 1039 1279 1080 hinc
1302 1040 1410 1080 sorte
1433 1055 1517 1081 non

165 1112 252 1153 sine
285 1112 448 1154 ratione
488 1112 708 1168 colligatur
738 1111 936 1152 eumdem
973 1110 1081 1151 inter
1113 1109 1288 1150 clericos
1320 1110 1517 1151 Mediola-

165 1197 314 1223 nenses
358 1191 547 1239 tempore
585 1181 805 1223 concitatae
830 1195 849 1239 a
872 1179 1036 1221 Justina
1060 1179 1362 1236 persecutionis
1390 1179 1515 1220 vitam

167 1252 340 1308 degisse.

500 1402 746 1430 ANNOTA'rio
778 1386 914 1442 (144)
946 1401 1039 1443 pag.
1079 1386 1174 1436 403.

225 1530 287 1568 De
310 1527 453 1583 primis
476 1525 622 1583 vigiliis
643 1538 735 1581 quae
757 1523 895 1565 statim
924 1522 1060 1580 prima
1082 1522 1217 1564 noctis
1240 1522 1342 1564 hora
1365 1526 1521 1581 persol-

168 1599 389 1646 vebantur,
413 1598 481 1639 hic
504 1598 622 1639 locus
646 1603 719 1637 est.
747 1595 808 1636 De
829 1593 975 1634 iisdem
1007 1594 1133 1634 etiam
1158 1593 1345 1649 loquitur
1380 1595 1524 1638 Hiero-

170 1684 344 1725 nymus,
365 1669 484 1724 epist.
508 1683 580 1715 νη,
604 1667 662 1707 ad
684 1665 850 1707 Lcelam
874 1664 987 1706 hisce
1005 1665 1158 1711 verbis,
1175 1678 1438 1719 accensaque
1456 1667 1522 1707 ίιι·

171 1756 300 1781 cerna
314 1738 490 1780 reddere
507 1736 780 1792 sacrificium
797 1735 1090 1789 vesperinum‚
1108 1736 1270 1791 supple,
1290 1747 1520 1779 assuescat.

172 1810 204 1852 A
226 1811 398 1851 lucerna
422 1818 560 1851 autem
581 1807 799 1849 dicebatur
821 1804 1124 1848 lucernarium.
1142 1806 1193 1845 de
1211 1818 1294 1859 quo
1312 1803 1521 1861 Epiphan.

174 1880 214 1921 in
233 1878 453 1934 zi'naceph..
481 1877 627 1924 Basil.‚
649 1875 699 1916 de
721 1874 894 1931 Spiritu
916 1883 1064 1914 sancto
1080 1906 1090 1921 ,
1111 1887 1201 1929 cap.
1230 1887 1283 1928 29
1300 1906 1310 1920 ,
1334 1882 1375 1914 et
1397 1873 1532 1930 Chry-

175 1957 294 1997 sost„
314 1950 436 1990 Hom.
463 1961 532 2002 29,
556 1947 615 1987 ad
635 1944 837 1986 Antioclz.
862 1944 991 1986 Porro
1014 1945 1064 1985 dc
1088 1944 1175 1984 aliis
1194 1943 1357 1984 duabus
1379 1943 1527 1999 vigiliis

176 2035 267 2076 quae
290 2027 331 2061 et
354 2020 492 2061 media
516 2027 664 2066 nocte,
695 2025 737 2058 et
767 2016 843 2057 sub
871 2024 1012 2056 ortum
1036 2014 1132 2055 solis
1151 2014 1399 2070 agebantur,
1420 2015 1532 2056 clare

176 2091 364 2147 loquitur
380 2089 649 2136 Ambrosius,
669 2088 739 2129 lib.
765 2102 794 2134 1,
821 2087 873 2126 de
895 2084 1147 2132 Abraham,
1177 2099 1266 2140 cap.
1298 2100 1340 2141 9,
1365 2085 1457 2137 lib.‚
1480 2086 1533 2127 de

180 2160 286 2200 Elia
312 2161 553 2215 etjejum‘o,
578 2173 670 2215 cap.
703 2158 770 2205 15,
793 2157 832 2198 in
850 2155 955 2197 Psal.
984 2155 1055 2203 56,
1076 2170 1179 2195 vers.
1209 2155 1279 2203 25,
1298 2163 1339 2196 et
1361 2154 1402 2196 in
1432 2156 1529 2203 118,

182 2229 315 2272 Serm.
345 2245 409 2286 19.

533 2380 778 2411 ANNOTATlo
817 2364 935 2420 (145)
973 2377 1065 2419 pag.
1102 2361 1203 2412 408.

245 2508 542 2553 Subobscurus
573 2517 739 2552 sermo,
767 2499 904 2558 inquit
944 2496 1131 2542 Nannius
1159 2509 1168 2537 t
1210 2509 1380 2539 sensum
1423 2496 1537 2540 bunc
