1774 3158
300 250 348 280 12
843 250 873 277 S.
917 248 1109 276 Aiinnosll

293 334 381 367 tum
416 325 601 366 animum
633 324 842 380 judicares
876 341 993 368 :non
1029 332 1187 367 assueta
1223 325 1381 381 gratia,
1411 340 1494 368 non
1527 328 1642 385 vigor

294 396 438 437 solitus
473 395 720 452 prmnitebat
758 411 766 437 :
802 404 993 454 suspecta
1029 395 1224 437 omnibus
1260 396 1442 438 solitudo
1481 405 1641 440 metum

299 465 476 521 aiicujus
502 465 760 521 :egritudinis
780 465 989 508 afferebat.
1016 466 1075 507 Ita
1097 479 1250 506 novum
1270 465 1488 507 videbatur
1506 467 1643 509 omni·

292 536 370 577 bus
392 550 466 577 nos
485 536 634 577 dividi!
661 536 747 592 Ego
771 545 886 578 certe
910 536 1102 578 fraternae
1129 535 1350 592 impatiens
1372 545 1413 579 et
1431 552 1514 579 non
1533 538 1645 579 obli-

293 614 359 647 tus
395 605 590 647 absentiae
612 639 621 653 ,
662 606 776 661 quasi
815 614 1063 662 praesentem
1101 605 1253 647 ressexa
1295 606 1442 662 saepius
1482 607 1644 649 cervice

297 677 534 732 quaerebam
553 708 563 725 ‚
591 684 631 718 et
650 691 790 717 coram
813 677 968 732 alloqui
990 685 1112 733 atque
1131 677 1316 733 aspicere
1333 677 1642 720 videbarmihi:

292 747 364 786 sed
391 755 586 801 [anquam
617 761 819 802 suspenso
844 747 952 789 collo
976 747 1121 802 jugum
1142 779 1151 794 ,
1180 746 1250 787 nbi
1275 747 1449 803 speratis
1475 747 1647 789 excide-

293 830 381 857 ram
396 848 405 863 ,
427 815 592 857 trahere
609 831 676 857 me
694 817 892 873 putabam
908 849 918 867 ,
944 816 1122 858 difficilis
1144 818 1359 873 progredi,
1385 817 1647 859 verecundus

292 885 447 935 rideri,
477 895 519 927 et
541 886 677 928 redire
704 901 932 944 properans
950 919 959 935 ‚
985 887 1100 942 quod
1123 887 1211 929 sine
1238 894 1277 928 te
1305 888 1538 944 procedere
1561 903 1647 930 non

293 955 456 997 liberet.

353 1025 513 1067 XXIII.
550 1025 604 1067 At
629 1041 724 1068 vero
761 1026 831 1067 ubi
869 1026 1073 1068 ambobus
1104 1027 1401 1082 prodeundum
1425 1026 1527 1077 suit,
1562 1042 1646 1069 non

294 1095 411 1151 plura
450 1096 491 1136 in
528 1095 677 1137 itinere
710 1097 879 1153 vestigia
906 1129 916 1144 ,
953 1111 1079 1153 quam
1116 1097 1278 1145 verba;
1315 1112 1392 1139 nee
1428 1097 1644 1147 incessus,

297 1179 421 1220 quam
446 1179 584 1206 sermo
618 1166 807 1207 crebrior
835 1181 844 1207 :
872 1181 949 1208 nec
979 1166 1220 1208 ambulandi
1253 1182 1353 1209 cura
1372 1200 1382 1215 ,
1413 1169 1484 1209 sed
1517 1170 1649 1210 collo-

297 1233 452 1289 quendi
476 1235 629 1291 gratim
654 1243 831 1292 uterque
849 1236 960 1277 enirn
983 1245 1173 1278 nostrum
1196 1252 1245 1278 ex
1269 1237 1437 1279 alterius
1459 1253 1530 1280 ore
1552 1253 1651 1295 pen-

299 1303 436 1344 debat.
471 1303 562 1345 Non
606 1304 767 1347 intento
807 1314 977 1363 aspectu
1007 1306 1144 1362 legere
1167 1305 1274 1354 iter;
1300 1306 1373 1348 sed
1394 1315 1543 1349 mutuo
1565 1308 1650 1349 sol-

295 1372 430 1413 licitos
472 1374 650 1430 experiri
686 1390 926 1423 sermones,
972 1376 1138 1417 haurire
1175 1377 1396 1418 oculorum
1438 1377 1613 1434 gratiam
1636 1409 1647 1425 ,

300 1443 457 1499 spirare
478 1443 670 1486 fraterna:
693 1445 884 1503 imaginis
914 1447 1163 1503 voluptates.
1191 1447 1329 1497 Quam
1357 1447 1530 1489 virtutes
1561 1455 1651 1489 tuas

301 1511 450 1555 tacitus
468 1529 634 1557 mecum
655 1515 741 1572 ipse
758 1516 964 1558 mirabar!
983 1531 1107 1572 quam
1130 1516 1386 1573 plaudebam
1401 1516 1518 1564 mihi,
1539 1517 1652 1573 quod

301 1583 370 1624 tali
392 1598 459 1625 me
479 1584 683 1626 Dominus
706 1584 833 1627 fratre
860 1587 1111 1634 donaverat,
1141 1595 1227 1628 tam
1252 1587 1406 1644 pudico
1422 1621 1432 1635 ,
1452 1596 1537 1629 tam
1560 1585 1652 1627 effi-

300 1653 411 1702 caci,
433 1655 444 1709 (
467 1655 519 1711 5)
543 1662 625 1695 tam
646 1655 877 1704 innocenti,
898 1665 981 1698 tam
1007 1656 1200 1713 simplici,
1225 1664 1270 1698 ut
1288 1671 1385 1698 cum
1406 1664 1518 1698 tuam
1538 1656 1654 1698 inno-

303 1725 484 1766 centiam
513 1726 738 1782 cogitarem
756 1758 766 1775 ,
793 1725 1023 1768 efficaciam
1052 1727 1316 1783 desperarem
1349 1742 1357 1768 :
1383 1742 1481 1768 cum
1509 1725 1652 1769 essica·

300 1793 405 1836 ciam
425 1809 659 1843 cernerem,
681 1796 962 1839 innocentiam
982 1811 1066 1838 non
1085 1798 1302 1854 putarem!
1323 1797 1406 1839 Sed
1426 1806 1652 1854 utrumque

301 1865 403 1905 mira
431 1867 611 1921 quadam
634 1866 787 1908 virtute
809 1866 1026 1924 jungebas.

359 1934 514 1977 XXIV.
551 1935 743 1992 Denique
773 1951 819 1978 ea
848 1952 940 1993 quae
972 1937 1095 1979 ambo
1126 1936 1446 1993 nequiveramus
1477 1938 1653 1980 conclu-

303 2005 426 2052 dere,
459 2006 571 2047 solus
597 2005 791 2062 implesti.
827 2006 1060 2048 Plaudebat
1086 2006 1186 2055 sibi,
1221 2013 1266 2047 ut
1293 2005 1415 2054 odio,
1445 2007 1649 2063 Prosper,

304 2077 416 2131 quod
436 2076 658 2118 sacerdotii
682 2076 764 2118 mei
783 2077 1004 2119 occasione
1026 2077 1290 2119 redditurum
1309 2093 1375 2125 se,
1398 2092 1489 2133 quae
1516 2078 1655 2120 abstu-

302 2147 405 2188 lerat
421 2178 431 2194 ,
462 2160 544 2187 non
568 2146 741 2203 putabat
763 2162 772 2188 z
799 2148 874 2189 sed
896 2145 1256 2188 vehementiorem
1280 2155 1394 2188 tuam
1416 2147 1541 2188 unius
1563 2146 1654 2189 essi-

304 2216 461 2258 eaciarn
479 2225 674 2272 expertus
696 2225 784 2264 est,
805 2232 928 2273 quam
954 2218 1149 2258 duorum.
1177 2217 1323 2271 Itaque
1345 2216 1466 2258 solvit
1483 2217 1622 2260 omnia
1641 2251 1651 2267 ‚

305 2300 382 2327 nec
406 2285 683 2327 moderationi
706 2286 890 2343 ingratus
916 2295 995 2328 tuae
1015 2318 1025 2333 ‚
1059 2300 1138 2327 nec
1166 2286 1344 2327 illudens
1372 2286 1523 2342 pudori
1547 2301 1557 2328 ε
1583 2288 1655 2329 sed

304 2365 345 2397 et
364 2356 576 2397 modestiae
594 2363 751 2412 gratus,
772 2372 850 2398 uec
869 2357 1052 2398 insolens
1070 2355 1278 2397 efficaciae.
1305 2355 1387 2397 Sed
1406 2356 1488 2404 cui,
1508 2356 1650 2407 frater,

305 2427 371 2467 illa
394 2425 605 2482 quaesisti?
629 2426 709 2468 Nos
727 2426 836 2467 enim
862 2427 973 2468 idem
996 2426 1241 2467 volebamus
1268 2426 1459 2468 laborum
1483 2434 1654 2470 tuorum

304 2510 392 2536 csse
413 2495 629 2552 praemium
646 2527 657 2544 ,
684 2496 799 2552 quod
820 2497 1126 2538 documentum
1145 2504 1247 2537 erat.
1275 2496 1473 2554 Peregisti
1497 2498 1651 2547 omnia,

302 2573 343 2606 et
365 2565 436 2607 ubi
464 2565 710 2623 perfunctus
735 2567 931 2610 omnibus
955 2566 1187 2616 revertisti,
1211 2574 1256 2608 tu
1279 2567 1391 2610 solus
1412 2567 1555 2617 nobis,
1583 2568 1654 2625 qui
