1774 3158
517 265 797 296 nrls'roLAmJM
831 265 986 294 cnissis
1019 265 1043 293 1.
1379 251 1460 302 243

121 344 271 388 Filium
297 345 373 386 Dei
397 344 491 387 dico
512 354 726 402 potentem
745 344 854 385 sicut
875 351 914 385 et
937 343 1118 385 Patrem.
1149 342 1325 385 Dubitas
1362 355 1462 399 ergo

125 415 315 457 confiteri
338 416 562 456 Dominum
586 424 801 472 potente-m
820 429 908 456 esse
932 413 1005 455 Dei
1028 414 1197 454 Filium.

182 485 391 526 Palladius
416 485 518 526 dixit
550 500 558 525 :
589 485 684 526 Jam
711 484 817 533 dixi,
847 482 1080 525 secundum
1113 483 1439 538 disputationem
1458 516 1468 531 ,

125 563 249 612 prout
274 570 519 611 possumus,
546 555 849 610 respondemus
871 553 1013 601 vobis;
1042 568 1113 595 vos
1125 554 1235 595 enim
1256 553 1332 595 soli
1350 554 1472 596 vultis

129 641 217 668 esse
242 626 422 680 judices:
439 640 509 666 vos
533 626 760 682 litigatores
777 639 866 666 esse
886 624 1022 666 vultis.
1044 624 1136 666 Non
1158 624 1274 665 vobis
1299 639 1475 681 respon-

132 698 425 744 demusnune,
453 697 524 737 sed
547 696 586 736 in
614 695 803 738 Concilio
830 695 1013 751 generali
1033 703 1074 736 et
1097 696 1220 752 pleno
1243 697 1477 752 responde-

130 769 270 809 bimus
296 768 425 809 vobis.

191 839 437 880 Ambrosius
473 838 693 895 episcopus
722 837 822 879 dixit
846 853 855 878 ε
879 836 1115 879 Anathema
1154 836 1238 885 illi,
1263 836 1335 893 qui
1359 845 1483 893 negat

135 908 362 950 Dominum
386 916 600 965 potentem
623 907 856 949 Christum.

193 977 351 1019 Omnes
364 978 547 1035 episcopi
571 978 768 1021 dixerunt
793 993 802 1018 ε
827 977 1082 1019 Anatho-ma.

193 1048 398 1090 XXXIII.
423 1049 526 1090 Item
543 1048 766 1090 recitatum
781 1057 863 1090 est:
878 1048 1023 1090 Solum
1036 1056 1251 1105 potentem
1266 1080 1277 1097 ,
1296 1047 1487 1090 omnium

136 1118 336 1175 judicem.

191 1190 401 1232 Palladius
423 1190 551 1231 dixit:
571 1189 774 1231 Omnium
798 1189 983 1245 judicem
1006 1189 1159 1231 Filium
1182 1189 1272 1232 Dei.
1304 1189 1376 1232 Est
1413 1189 1486 1247 qui

144 1260 237 1309 dat,
257 1268 319 1302 est
341 1261 410 1316 qui
435 1260 599 1316 accipit.
992 1316 995 1318 .

203 1331 448 1374 Ambrosius
469 1331 691 1388 episcopus
714 1331 939 1373 dixittPer
966 1331 1142 1388 gratiam
1171 1331 1313 1380 dedit,
1340 1346 1392 1373 an
1416 1346 1490 1388 per

144 1402 364 1444 naturam?
382 1402 432 1443 Et
455 1401 697 1443 hominibus
721 1401 845 1442 datur
867 1402 1088 1456 judicium.

201 1472 408 1515 Palladius
431 1472 531 1513 dixit
553 1486 562 1513 ε
586 1471 751 1513 Patrem
774 1471 978 1527 majorem
1004 1471 1107 1514 dicis
1127 1505 1137 1523 ‚
1160 1487 1213 1514 an
1235 1474 1349 1514 non?

202 1542 450 1586 Ambrosius
471 1542 693 1598 episcopus
717 1541 819 1583 dixit
843 1557 853 1583 :
879 1542 1025 1583 Postea
1043 1543 1308 1599 respondebo
1323 1543 1412 1586 tibi.

201 1612 409 1654 Palladius
432 1612 534 1653 dixit
558 1626 567 1652 z
592 1611 679 1667 Ego
702 1610 778 1653 tibi
813 1626 896 1652 non
933 1613 1197 1668 respondeO,
1228 1612 1261 1654 si
1285 1627 1370 1654 non
1402 1628 1493 1655 res-

146 1684 305 1740 pondes
326 1682 442 1724 mihi.

206 1753 409 1795 Eusebius
438 1753 660 1810 episcopus
684 1753 785 1795 dixit
804 1768 812 1793 :
831 1753 916 1795 Nisi
938 1753 1198 1810 impietatem
1221 1753 1333 1807 Arrii
1352 1769 1406 1796 ex
1431 1769 1496 1797 or·

149 1828 248 1870 dine
261 1825 537 1872 damnaveris,
549 1824 831 1881 interrogandi
847 1839 928 1866 non
944 1824 1224 1867 tibidabimus
1236 1826 1493 1868 facultatem.

206 1896 416 1939 Palladius
435 1895 565 1937 dixit:
588 1895 679 1938 Non
703 1895 776 1937 tibi
806 1895 1053 1951 respondeo.

210 1967 457 2011 Ambrosius
475 1967 697 2023 episcopus
716 1966 981 2008 dixitzFilius
998 1965 1096 2014 Dei,
1116 1967 1224 2009 sicut
1239 1968 1396 2009 lectum
1417 1975 1498 2017 ost,

152 2039 279 2096 judex
296 2047 383 2086 est,
410 2053 461 2079 an
484 2036 588 2077 non}J

211 2108 418 2152 Palladius
445 2107 546 2149 dixit
569 2121 577 2147 :
600 2106 642 2147 Si
665 2121 748 2147 non
767 2107 995 2163 respondes
1011 2105 1114 2148 mihi
1132 2138 1144 2156 ,
1164 2122 1240 2164 ego
1256 2107 1353 2157 tibi,
1374 2107 1504 2149 utim-

153 2181 246 2238 pio,
278 2194 361 2221 non
385 2179 631 2234 respondeo.
1005 2178 1012 2183 “

213 2247 415 2291 XXXIV.
452 2246 699 2289 Ambrosius
716 2247 939 2303 episcopus
963 2246 1065 2288 dixit
1090 2263 1098 2288 :
1125 2247 1263 2290 Habes
1286 2249 1506 2305 professio-

0 2318 1 2362 i
157 2336 254 2363 nem
267 2335 403 2362 meam
421 2353 429 2368 ,
455 2335 535 2376 qna
550 2319 817 2375 respondebo
838 2319 925 2360 tibi.
946 2319 1117 2360 interim
1137 2322 1377 2378 perlegatur
1398 2323 1510 2380 epis-

159 2393 241 2435 tola
261 2391 384 2433 Arrii.
412 2390 464 2431 Et
492 2389 651 2431 addidit
666 2403 674 2429 :
689 2389 733 2429 ln
747 2389 922 2444 epistola
940 2389 1049 2430 Arrii
1071 2389 1257 2432 invenies
1278 2400 1321 2433 et
1342 2392 1422 2434 hoc
1442 2408 1507 2434 sa-

158 2462 374 2519 crilegium
393 2493 402 2507 ‚
426 2460 540 2516 quod
565 2467 608 2500 tu
630 2459 801 2500 moliris.

216 2530 424 2576 Palladius
447 2530 573 2572 dixit:
590 2529 674 2586 Ego
698 2528 767 2584 qui
786 2529 1027 2587 interrogo,
1044 2544 1128 2572 non
1152 2532 1448 2589 respondetis?
1472 2556 1486 2569 ι

4 2622 7 2645 i
1319 2619 1384 2661 16.
