1774 3158
242 243 323 296 462
782 259 815 288 5.
855 258 1049 289 Aunnosu

245 336 369 378 Certe
386 335 494 378 sicut
516 344 727 379 tormento
750 337 986 386 acerbatur,
1003 347 1044 379 et
1065 337 1302 395 geminatur
1323 340 1482 382 maium
1504 340 1590 383 saxi

241 407 377 454 ruina,
401 407 459 448 sic
482 406 713 464 insipientis
736 407 777 449 in
822 408 1016 451 libertate
1043 407 1162 449 ruina
1189 408 1478 452 veliementior
1508 420 1583 453 est.

243 476 483 520 Recidenda
499 477 625 533 igitur
641 478 850 535 insipienti
864 486 1062 535 potestas,
1075 493 1158 519 non
1171 478 1406 534 adjicienda
1422 480 1590 522 libertas

242 555 331 596 est;
358 548 533 590 servitus
548 549 661 590 enim
683 549 722 590 ei
747 549 955 591 convenit.
978 549 1162 605 Ideoque
1186 550 1347 592 addidit
1368 565 1378 593 ε
1413 570 1427 588 ‹-
1450 550 1589 607 Spince

246 626 478 659 nascuntur
500 619 540 660 in
557 634 686 660 mauu
705 619 884 667 ebriosi,
911 638 925 657 a
939 618 1126 660 Servitus
1149 627 1287 660 autem
1307 620 1351 661 in
1374 635 1500 662 manu
1523 621 1595 662 im-

242 707 257 728 »
280 690 499 746 prudentis
520 689 562 739 ¹3
594 709 610 728 »
647 689 743 746 quia
770 689 879 732 sicut
909 690 979 731 ille
1010 690 1094 731 suis
1127 691 1372 732 vulneratur
1402 691 1593 748 poculis,

239 758 296 800 ita
321 759 517 816 insipiens
546 759 629 801 suis
655 759 789 801 factis.
826 760 901 801 Ille
923 760 1109 801 bibendo
1140 775 1183 802 se
1217 769 1393 818 peccato
1422 761 1593 810 inserit,

241 828 318 870 iste
337 831 549 885 operando
567 845 610 870 se
633 830 767 885 culpae
791 827 1021 885 adjudicat,
1043 837 1083 870 et
1108 828 1226 871 sactis
1249 830 1332 871 suis
1352 829 1533 872 trahitur
1556 830 1595 871 in

242 899 500 940 servitutem.
528 898 704 940 Videbat
719 913 762 939 se
784 898 935 940 Paulus
959 899 1000 940 in
1023 899 1309 956 captivitatem
1336 900 1445 942 trahi
1465 916 1485 941 a
1507 901 1599 957 lege

243 967 441 1025 peccati²
458 984 470 1016 3
509 976 551 1009 et
573 967 666 1009 ideo
698 975 744 1009 ut
765 967 1043 1016 liberaretur,
1077 967 1266 1025 confugit
1302 969 1354 1011 ad
1390 969 1600 1012 libertatis

246 1037 436 1094 gratiam.

301 1107 408 1150 XLI.
438 1107 529 1150 Non
554 1115 651 1148 sunt
668 1106 928 1164 igiturliberi
950 1106 1215 1164 insipientes,
1238 1108 1392 1164 quibus
1418 1107 1598 1150 dicitur·

258 1197 273 1215 «
296 1176 432 1221 Nolite
456 1175 548 1218 fieri
571 1176 680 1217 sicut
701 1191 834 1232 equus
852 1185 893 1218 ct
916 1177 1251 1235 1nulus‚1quibus
1283 1193 1367 1219 non
1392 1186 1456 1220 est
1488 1178 1605 1220 intel-

252 1269 268 1290 ιι
287 1251 435 1291 lectus,
475 1248 523 1289 In
544 1247 664 1289 sreno
687 1255 727 1288 et
755 1246 905 1288 chamo
942 1247 1128 1289 maxillas
1151 1264 1301 1290 eorum
1338 1249 1602 1305 constringe,

253 1340 267 1360 ι
284 1320 367 1371 Qui
382 1334 464 1359 non
480 1317 816 1375 appropinquent
829 1317 917 1359 tibi.
933 1317 1062 1359 Multa
1074 1317 1234 1375 flagella
1250 1329 1520 1376 peccatorum
1533 1317 1565 1366 3;
1581 1337 1596 1357 1>

253 1389 349 1446 quia
368 1388 510 1430 multis
528 1386 701 1444 flagellis
718 1401 822 1443 opus
838 1395 924 1436 est,
945 1395 1156 1429 uteorum
1181 1387 1466 1445 imprudentia
1485 1391 1608 1429 coe'r-

260 1467 419 1501 ceatur.
452 1456 681 1513 Disciplina
710 1456 791 1498 hoc
816 1456 964 1513 exigit,
995 1471 1077 1498 non
1101 1458 1386 1500 inclementia.
1417 1457 1608 1513 Denique

266 1548 281 1568 α
298 1528 367 1585 qui
383 1527 516 1584 parcit
537 1527 690 1568 baculo
708 1542 783 1568 suo
803 1559 812 1576 ‚
839 1528 926 1569 odit
948 1526 1081 1569 filium
1108 1543 1230 1570 suum
1249 1528 1260 1549 ⁶
1283 1545 1291 1569 :
1319 1528 1473 1569 »simul
1497 1527 1607 1579 Quia

249 1599 535 1656 unusquisque
555 1598 719 1655 gravius
737 1598 820 1639 suis
837 1599 1019 1655 peccatis
1038 1597 1286 1655 flagellatur.
1315 1599 1464 1641 Gravia
1494 1599 1609 1646 enim

262 1671 513 1713 delictorum
536 1670 739 1726 pondera,
763 1668 901 1725 gravia
918 1669 1142 1710 criminum
1166 1670 1355 1717 verbera,
1375 1670 1484 1711 sicut
1505 1684 1609 1711 onus

260 1748 506 1797 gravantur,
531 1753 670 1796 grave,
695 1746 736 1779 et
758 1737 952 1794 infligunt
968 1739 1116 1781 animae
1137 1740 1371 1788 cicatrices,
1387 1747 1429 1781 et
1450 1749 1611 1797 putres-

260 1828 356 1854 cere
379 1811 537 1853 faciunt
559 1809 712 1852 mentis
733 1811 875 1851 ulcera
890 1809 920 1852 ⁵.

319 1881 447 1924 Iinll.
483 1881 753 1937 Deponamus
786 1880 910 1936 igitur
943 1889 1029 1922 tam
1053 1896 1222 1937 gravem
1250 1881 1459 1922 servitutis
1484 1879 1611 1921 sarci-

263 1967 376 1999 nam,
401 1950 688 1992 renuntiemus
703 1949 877 1991 luxuriae
894 1965 940 1991 ac
960 1949 1135 1997 deliciis,
1151 1966 1242 2006 quae
1265 1965 1340 1991 nos
1363 1949 1615 2006 quibusdam

257 2022 494 2078 astringunt
516 2020 692 2062 nexibus
710 2020 1012 2076 cupiditatum,
1050 2028 1089 2061 et
1113 2021 1288 2062 vinculis
1325 2019 1468 2076 ligant.
1503 2017 1616 2061 Nihil

255 2094 366 2135 enim
392 2100 567 2150 prosunt
584 2091 743 2133 deliciae
767 2092 925 2133 stulto:
952 2100 993 2133 et
1013 2091 1268 2147 quicumque
1286 2105 1306 2130 a
1330 2088 1507 2146 pucritia
1532 2089 1610 2130 de-

256 2165 362 2205 derit
392 2179 434 2205 se
458 2163 633 2209 deliciis,
658 2162 882 2203 manebit
872 2177 913 2203 in
941 2163 1165 2209 servitute;
1192 2169 1236 2202 ut
1262 2160 1402 2202 vivens
1421 2167 1612 2201 mortuus

253 2233 317 2276 sit.
352 2233 582 2276 Recidatur
602 2247 702 2289 clgo
743 2232 928 2273 luxuries
950 2265 959 2280 ,
997 2213 1157 2274 deiicie
1195 2239 1477 2272 1eceseutur:
1503 2239 1545 2270 et
1575 2228 1612 2269 si

256 2304 440 2360 quisluit
460 2303 721 2352 luxuriosus,
748 2303 952 2345 valedicat
982 2302 1278 2360 superioribus.
1315 2301 1462 2344 Recisa
1494 2299 1607 2341 euim

255 2375 373 2416 vinea
388 2375 573 2416 fructum
591 2373 711 2415 affert
726 2406 736 2422 ,
758 2374 1006 2430 semiputata
1019 2373 1260 2420 frondescit,
1282 2373 1474 2428 neglecta
1495 2372 1596 2411 luxu

232 2446 343 2488 'riat.
370 2445 555 2501 Ideoque
577 2445 781 2501 scriptum
807 2451 869 2486 est
889 2459 898 2485 :
917 2463 931 2483 α
948 2443 1165 2500 Tanquam
1196 2443 1451 2500 agricultura
1475 2440 1600 2482 homo

300 2555 307 2569 ¹
329 2546 426 2578 Prov.
444 2557 531 2585 xxv1,
549 2557 579 2587 9.
599 2562 638 2569 —-
655 2555 668 2569 ·
686 2544 782 2578 Rom.
798 2555 858 2585 vu,
872 2545 975 2579 23.-
993 2546 1006 2571 ³
1022 2544 1107 2578 Psal.
1127 2555 1212 2580 xxxi,
1229 2555 1262 2585 9,
1282 2549 1313 2577 et
1327 2552 1462 2586 seqq.—
1484 2545 1497 2569 ⁴
1515 2541 1598 2574 Prov

263 2610 336 2638 xxu,
352 2599 403 2638 ²4·
422 2617 463 2624 —-
482 2602 495 2624 ⁵
519 2599 602 2634 Psal.
622 2609 749 2638 xxxvu,
763 2600 794 2636 5,
809 2599 841 2632 6.
