<?xml version="1.0" encoding="UTF-8"?>
<!DOCTYPE html PUBLIC "-//W3C//DTD XHTML 1.0 Transitional//EN"
    "http://www.w3.org/TR/xhtml1/DTD/xhtml1-transitional.dtd">
<html xmlns="http://www.w3.org/1999/xhtml" xml:lang="en" lang="en">
 <head>
  <title>
</title>
<meta http-equiv="Content-Type" content="text/html;charset=utf-8" />
  <meta name='ocr-system' content='tesseract 3.04.00' />
  <meta name='ocr-capabilities' content='ocr_page ocr_carea ocr_par ocr_line ocrx_word'/>
</head>
<body>
  <div class='ocr_page' id='page_1' title='image "./omniaequaeextant08ambruoft_0243.png"; bbox 0 0 1774 3158; ppageno 0'>
   <div class='ocr_carea' id='block_1_1' title="bbox 521 236 1467 285">
    <p class='ocr_par' dir='ltr' id='par_1_1' title="bbox 521 236 1467 285">
     <span class='ocr_line' id='line_1_1' title="bbox 521 236 1467 285; baseline -0.006 0"><span class='ocrx_word' id='word_1_1' title='bbox 521 256 802 285; x_wconf 72' lang='lat' dir='ltr'><strong>EPISTOLARUM</strong></span> <span class='ocrx_word' id='word_1_2' title='bbox 835 255 990 282; x_wconf 73' lang='lat' dir='ltr'>eLAss1s</span> <span class='ocrx_word' id='word_1_3' title='bbox 1025 255 1049 281; x_wconf 87' lang='lat'>1.</span> <span class='ocrx_word' id='word_1_4' title='bbox 1386 236 1467 279; x_wconf 76' lang='lat'>233</span> 
     </span>
    </p>
   </div>
   <div class='ocr_carea' id='block_1_2' title="bbox 130 332 1520 2648">
    <p class='ocr_par' dir='ltr' id='par_1_2' title="bbox 186 332 1021 389">
     <span class='ocr_line' id='line_1_2' title="bbox 186 332 1021 389; baseline -0.01 -10"><span class='ocrx_word' id='word_1_5' title='bbox 186 336 392 380; x_wconf 80' lang='lat' dir='ltr'>Palladius</span> <span class='ocrx_word' id='word_1_6' title='bbox 411 335 511 377; x_wconf 88' lang='lat' dir='ltr'>dixit</span> <span class='ocrx_word' id='word_1_7' title='bbox 535 351 543 376; x_wconf 91' lang='lat'>:</span> <span class='ocrx_word' id='word_1_8' title='bbox 570 334 660 378; x_wconf 84' lang='lat' dir='ltr'>Non</span> <span class='ocrx_word' id='word_1_9' title='bbox 680 333 753 376; x_wconf 83' lang='lat' dir='ltr'>tibi</span> <span class='ocrx_word' id='word_1_10' title='bbox 778 332 1021 389; x_wconf 87' lang='lat' dir='ltr'>respondeo.</span> 
     </span>
    </p>

    <p class='ocr_par' dir='ltr' id='par_1_3' title="bbox 131 400 1470 533">
     <span class='ocr_line' id='line_1_3' title="bbox 190 400 1470 461; baseline -0.005 -13"><span class='ocrx_word' id='word_1_11' title='bbox 190 404 456 448; x_wconf 74' lang='lat' dir='ltr'>Constantius</span> <span class='ocrx_word' id='word_1_12' title='bbox 477 404 695 461; x_wconf 84' lang='lat' dir='ltr'>episcopus</span> <span class='ocrx_word' id='word_1_13' title='bbox 720 402 820 445; x_wconf 88' lang='lat' dir='ltr'>dixit</span> <span class='ocrx_word' id='word_1_14' title='bbox 847 417 855 442; x_wconf 76' lang='lat' dir='ltr'><strong><em>z</em></strong></span> <span class='ocrx_word' id='word_1_15' title='bbox 885 401 976 444; x_wconf 85' lang='lat' dir='ltr'>Non</span> <span class='ocrx_word' id='word_1_16' title='bbox 1001 401 1250 457; x_wconf 79' lang='lat' dir='ltr'><strong>respondes,</strong></span> <span class='ocrx_word' id='word_1_17' title='bbox 1279 400 1349 456; x_wconf 84' lang='lat' dir='ltr'>qui</span> <span class='ocrx_word' id='word_1_18' title='bbox 1386 408 1470 442; x_wconf 85' lang='lat' dir='ltr'>tan-</span> 
     </span>
     <span class='ocr_line' id='line_1_4' title="bbox 131 475 550 533; baseline -0.005 -15"><span class='ocrx_word' id='word_1_19' title='bbox 131 476 200 518; x_wconf 85' lang='lat' dir='ltr'>diu</span> <span class='ocrx_word' id='word_1_20' title='bbox 222 475 550 533; x_wconf 75' lang='lat' dir='ltr'>blasphemasti?</span> 
     </span>
    </p>

    <p class='ocr_par' dir='ltr' id='par_1_4' title="bbox 130 540 1474 797">
     <span class='ocr_line' id='line_1_5' title="bbox 188 540 1471 602; baseline -0.004 -14"><span class='ocrx_word' id='word_1_21' title='bbox 188 547 392 588; x_wconf 81' lang='lat' dir='ltr'>Eusebius</span> <span class='ocrx_word' id='word_1_22' title='bbox 417 546 636 602; x_wconf 86' lang='lat' dir='ltr'>episcopus</span> <span class='ocrx_word' id='word_1_23' title='bbox 656 545 786 586; x_wconf 84' lang='lat' dir='ltr'>dixit:</span> <span class='ocrx_word' id='word_1_24' title='bbox 814 543 898 585; x_wconf 89' lang='lat' dir='ltr'>Sed</span> <span class='ocrx_word' id='word_1_25' title='bbox 918 541 1089 584; x_wconf 88' lang='lat' dir='ltr'>debebis</span> <span class='ocrx_word' id='word_1_26' title='bbox 1111 541 1358 597; x_wconf 84' lang='lat' dir='ltr'>simpliciter</span> <span class='ocrx_word' id='word_1_27' title='bbox 1375 540 1471 583; x_wconf 87' lang='lat' dir='ltr'>fidei</span> 
     </span>
     <span class='ocr_line' id='line_1_6' title="bbox 130 609 1473 672; baseline -0.004 -15"><span class='ocrx_word' id='word_1_28' title='bbox 130 624 210 657; x_wconf 85' lang='lat' dir='ltr'>tuae</span> <span class='ocrx_word' id='word_1_29' title='bbox 234 617 411 672; x_wconf 82' lang='lat' dir='ltr'><strong>prodere</strong></span> <span class='ocrx_word' id='word_1_30' title='bbox 433 615 685 657; x_wconf 77' lang='lat' dir='ltr'>libertatem.</span> <span class='ocrx_word' id='word_1_31' title='bbox 713 614 755 655; x_wconf 90' lang='lat' dir='ltr'>Si</span> <span class='ocrx_word' id='word_1_32' title='bbox 775 628 795 654; x_wconf 88' lang='lat' dir='ltr'>a</span> <span class='ocrx_word' id='word_1_33' title='bbox 820 621 859 654; x_wconf 87' lang='lat' dir='ltr'>te</span> <span class='ocrx_word' id='word_1_34' title='bbox 882 611 1048 669; x_wconf 78' lang='lat' dir='ltr'>gentilis</span> <span class='ocrx_word' id='word_1_35' title='bbox 1073 609 1254 667; x_wconf 75' lang='lat' dir='ltr'>exigeret</span> <span class='ocrx_word' id='word_1_36' title='bbox 1271 610 1473 666; x_wconf 87' lang='lat' dir='ltr'>quemad-</span> 
     </span>
     <span class='ocr_line' id='line_1_7' title="bbox 130 679 1474 731; baseline -0.004 -5"><span class='ocrx_word' id='word_1_37' title='bbox 130 685 303 726; x_wconf 84' lang='lat' dir='ltr'>modum</span> <span class='ocrx_word' id='word_1_38' title='bbox 335 684 374 726; x_wconf 88' lang='lat' dir='ltr'>in</span> <span class='ocrx_word' id='word_1_39' title='bbox 410 684 624 726; x_wconf 82' lang='lat' dir='ltr'>Christum</span> <span class='ocrx_word' id='word_1_40' title='bbox 652 684 869 731; x_wconf 79' lang='lat' dir='ltr'>crederes,</span> <span class='ocrx_word' id='word_1_41' title='bbox 895 679 1087 724; x_wconf 79' lang='lat' dir='ltr'>confiteri</span> <span class='ocrx_word' id='word_1_42' title='bbox 1111 680 1362 721; x_wconf 87' lang='lat' dir='ltr'>erubescere</span> <span class='ocrx_word' id='word_1_43' title='bbox 1391 694 1474 720; x_wconf 87' lang='lat' dir='ltr'>non</span> 
     </span>
     <span class='ocr_line' id='line_1_8' title="bbox 132 756 317 797; baseline 0 0"><span class='ocrx_word' id='word_1_44' title='bbox 132 756 317 797; x_wconf 87' lang='lat' dir='ltr'>deberes.</span> 
     </span>
    </p>

    <p class='ocr_par' dir='ltr' id='par_1_5' title="bbox 131 819 1479 1160">
     <span class='ocr_line' id='line_1_9' title="bbox 189 819 1478 881; baseline -0.006 -14"><span class='ocrx_word' id='word_1_45' title='bbox 189 825 244 867; x_wconf 86' lang='lat' dir='ltr'>X.</span> <span class='ocrx_word' id='word_1_46' title='bbox 281 823 459 865; x_wconf 87' lang='lat' dir='ltr'>Sabinus</span> <span class='ocrx_word' id='word_1_47' title='bbox 486 823 706 881; x_wconf 86' lang='lat' dir='ltr'>episcopus</span> <span class='ocrx_word' id='word_1_48' title='bbox 730 822 832 864; x_wconf 82' lang='lat' dir='ltr'>dixit</span> <span class='ocrx_word' id='word_1_49' title='bbox 857 837 866 863; x_wconf 70' lang='grc' dir='ltr'><em>τ</em></span> <span class='ocrx_word' id='word_1_50' title='bbox 896 823 957 864; x_wconf 83' lang='lat' dir='ltr'>Tu</span> <span class='ocrx_word' id='word_1_51' title='bbox 983 820 1120 880; x_wconf 90' lang='lat' dir='ltr'>petisti</span> <span class='ocrx_word' id='word_1_52' title='bbox 1144 828 1189 862; x_wconf 87' lang='lat' dir='ltr'>ut</span> <span class='ocrx_word' id='word_1_53' title='bbox 1209 819 1478 877; x_wconf 88' lang='lat' dir='ltr'>respondere-</span> 
     </span>
     <span class='ocr_line' id='line_1_10' title="bbox 131 890 1474 950; baseline -0.004 -14"><span class='ocrx_word' id='word_1_54' title='bbox 131 909 225 936; x_wconf 87' lang='lat' dir='ltr'>mus</span> <span class='ocrx_word' id='word_1_55' title='bbox 247 909 255 934; x_wconf 86' lang='lat'>:</span> <span class='ocrx_word' id='word_1_56' title='bbox 281 893 404 936; x_wconf 89' lang='lat' dir='ltr'>hodie</span> <span class='ocrx_word' id='word_1_57' title='bbox 427 909 476 935; x_wconf 90' lang='lat' dir='ltr'>ex</span> <span class='ocrx_word' id='word_1_58' title='bbox 497 895 711 936; x_wconf 81' lang='lat' dir='ltr'>voluntate</span> <span class='ocrx_word' id='word_1_59' title='bbox 734 902 824 941; x_wconf 88' lang='lat' dir='ltr'>tua,</span> <span class='ocrx_word' id='word_1_60' title='bbox 841 901 882 935; x_wconf 87' lang='lat' dir='ltr'>et</span> <span class='ocrx_word' id='word_1_61' title='bbox 899 902 938 935; x_wconf 90' lang='lat' dir='ltr'>te</span> <span class='ocrx_word' id='word_1_62' title='bbox 955 901 1155 950; x_wconf 78' lang='lat' dir='ltr'>urgente,</span> <span class='ocrx_word' id='word_1_63' title='bbox 1177 890 1448 933; x_wconf 86' lang='lat' dir='ltr'>convenimus</span> <span class='ocrx_word' id='word_1_64' title='bbox 1463 923 1474 939; x_wconf 92' lang='lat'><em>‚</em></span> 
     </span>
     <span class='ocr_line' id='line_1_11' title="bbox 132 960 1471 1021; baseline -0.003 -15"><span class='ocrx_word' id='word_1_65' title='bbox 132 974 173 1007; x_wconf 92' lang='lat' dir='ltr'>et</span> <span class='ocrx_word' id='word_1_66' title='bbox 195 978 278 1006; x_wconf 88' lang='lat' dir='ltr'>non</span> <span class='ocrx_word' id='word_1_67' title='bbox 297 963 607 1021; x_wconf 82' lang='lat' dir='ltr'>expectavimus</span> <span class='ocrx_word' id='word_1_68' title='bbox 626 965 806 1020; x_wconf 91' lang='lat' dir='ltr'>reliquos</span> <span class='ocrx_word' id='word_1_69' title='bbox 827 963 1077 1018; x_wconf 85' lang='lat' dir='ltr'>sratres‚qui</span> <span class='ocrx_word' id='word_1_70' title='bbox 1101 969 1295 1019; x_wconf 79' lang='lat' dir='ltr'>poterant</span> <span class='ocrx_word' id='word_1_71' title='bbox 1318 960 1471 1002; x_wconf 84' lang='lat' dir='ltr'>venire.</span> 
     </span>
     <span class='ocr_line' id='line_1_12' title="bbox 131 1031 1479 1090; baseline -0.002 -14"><span class='ocrx_word' id='word_1_72' title='bbox 131 1034 311 1076; x_wconf 85' lang='lat' dir='ltr'>Proinde</span> <span class='ocrx_word' id='word_1_73' title='bbox 331 1048 415 1075; x_wconf 88' lang='lat' dir='ltr'>non</span> <span class='ocrx_word' id='word_1_74' title='bbox 440 1033 513 1074; x_wconf 90' lang='lat' dir='ltr'>tibi</span> <span class='ocrx_word' id='word_1_75' title='bbox 535 1034 714 1075; x_wconf 90' lang='lat' dir='ltr'>liberum</span> <span class='ocrx_word' id='word_1_76' title='bbox 739 1043 801 1076; x_wconf 91' lang='lat' dir='ltr'>est</span> <span class='ocrx_word' id='word_1_77' title='bbox 819 1033 997 1090; x_wconf 73' lang='lat' dir='ltr'>evagari.</span> <span class='ocrx_word' id='word_1_78' title='bbox 1027 1032 1241 1074; x_wconf 86' lang='lat' dir='ltr'>Christum</span> <span class='ocrx_word' id='word_1_79' title='bbox 1265 1031 1368 1073; x_wconf 84' lang='lat' dir='ltr'>dicis</span> <span class='ocrx_word' id='word_1_80' title='bbox 1391 1046 1479 1073; x_wconf 80' lang='lat' dir='ltr'>esse</span> 
     </span>
     <span class='ocr_line' id='line_1_13' title="bbox 134 1101 1293 1160; baseline -0.003 -15"><span class='ocrx_word' id='word_1_81' title='bbox 134 1102 353 1145; x_wconf 78' lang='lat' dir='ltr'>creatum?</span> <span class='ocrx_word' id='word_1_82' title='bbox 370 1111 441 1144; x_wconf 91' lang='lat' dir='ltr'>aut</span> <span class='ocrx_word' id='word_1_83' title='bbox 458 1103 764 1160; x_wconf 86' lang='lat' dir='ltr'>sempiternum</span> <span class='ocrx_word' id='word_1_84' title='bbox 785 1103 886 1145; x_wconf 86' lang='lat' dir='ltr'>dicis</span> <span class='ocrx_word' id='word_1_85' title='bbox 909 1118 997 1144; x_wconf 86' lang='lat' dir='ltr'>esse</span> <span class='ocrx_word' id='word_1_86' title='bbox 1019 1102 1172 1144; x_wconf 88' lang='lat' dir='ltr'>Filium</span> <span class='ocrx_word' id='word_1_87' title='bbox 1190 1101 1293 1143; x_wconf 75' lang='lat' dir='ltr'>Dei?</span> 
     </span>
    </p>

    <p class='ocr_par' dir='ltr' id='par_1_6' title="bbox 133 1170 1483 1373">
     <span class='ocr_line' id='line_1_14' title="bbox 189 1170 1482 1222; baseline -0.004 -7"><span class='ocrx_word' id='word_1_88' title='bbox 189 1173 398 1216; x_wconf 81' lang='lat' dir='ltr'>Palladius</span> <span class='ocrx_word' id='word_1_89' title='bbox 433 1172 535 1214; x_wconf 86' lang='lat' dir='ltr'>dixit</span> <span class='ocrx_word' id='word_1_90' title='bbox 565 1188 573 1214; x_wconf 90' lang='lat'>:</span> <span class='ocrx_word' id='word_1_91' title='bbox 609 1173 702 1214; x_wconf 84' lang='lat' dir='ltr'>Dixi</span> <span class='ocrx_word' id='word_1_92' title='bbox 729 1173 829 1222; x_wconf 90' lang='lat' dir='ltr'>tibi,</span> <span class='ocrx_word' id='word_1_93' title='bbox 864 1188 938 1214; x_wconf 90' lang='lat' dir='ltr'>nos</span> <span class='ocrx_word' id='word_1_94' title='bbox 965 1174 1057 1214; x_wconf 85' lang='lat' dir='ltr'>ideo</span> <span class='ocrx_word' id='word_1_95' title='bbox 1092 1172 1269 1214; x_wconf 84' lang='lat' dir='ltr'>diximus</span> <span class='ocrx_word' id='word_1_96' title='bbox 1294 1170 1408 1212; x_wconf 77' lang='lat' dir='ltr'>vobis</span> <span class='ocrx_word' id='word_1_97' title='bbox 1438 1177 1482 1211; x_wconf 85' lang='lat' dir='ltr'>ut</span> 
     </span>
     <span class='ocr_line' id='line_1_15' title="bbox 133 1241 1483 1300; baseline -0.003 -15"><span class='ocrx_word' id='word_1_98' title='bbox 133 1243 386 1292; x_wconf 79' lang='lat' dir='ltr'>veniremus,</span> <span class='ocrx_word' id='word_1_99' title='bbox 402 1251 442 1284; x_wconf 89' lang='lat' dir='ltr'>et</span> <span class='ocrx_word' id='word_1_100' title='bbox 464 1243 808 1285; x_wconf 86' lang='lat' dir='ltr'>convinceremus</span> <span class='ocrx_word' id='word_1_101' title='bbox 826 1244 940 1300; x_wconf 85' lang='lat' dir='ltr'>quod</span> <span class='ocrx_word' id='word_1_102' title='bbox 962 1258 1046 1284; x_wconf 92' lang='lat' dir='ltr'>non</span> <span class='ocrx_word' id='word_1_103' title='bbox 1069 1250 1183 1284; x_wconf 86' lang='lat' dir='ltr'>recte</span> <span class='ocrx_word' id='word_1_104' title='bbox 1206 1241 1360 1283; x_wconf 83' lang='lat' dir='ltr'>fecistis</span> <span class='ocrx_word' id='word_1_105' title='bbox 1383 1241 1483 1282; x_wconf 87' lang='lat' dir='ltr'>sub-</span> 
     </span>
     <span class='ocr_line' id='line_1_16' title="bbox 136 1313 565 1373; baseline -0.005 -16"><span class='ocrx_word' id='word_1_106' title='bbox 136 1329 282 1373; x_wconf 84' lang='lat' dir='ltr'>repere</span> <span class='ocrx_word' id='word_1_107' title='bbox 310 1313 565 1370; x_wconf 87' lang='lat' dir='ltr'>imperatori.</span> 
     </span>
    </p>

    <p class='ocr_par' dir='ltr' id='par_1_7' title="bbox 135 1381 1483 1572">
     <span class='ocr_line' id='line_1_17' title="bbox 194 1381 1481 1443; baseline -0.005 -14"><span class='ocrx_word' id='word_1_108' title='bbox 194 1387 443 1430; x_wconf 86' lang='lat' dir='ltr'>Ambrosius</span> <span class='ocrx_word' id='word_1_109' title='bbox 470 1386 690 1443; x_wconf 87' lang='lat' dir='ltr'>episcopus</span> <span class='ocrx_word' id='word_1_110' title='bbox 717 1385 846 1427; x_wconf 82' lang='lat' dir='ltr'>dixit:</span> <span class='ocrx_word' id='word_1_111' title='bbox 874 1385 1056 1442; x_wconf 84' lang='lat' dir='ltr'>Legatur</span> <span class='ocrx_word' id='word_1_112' title='bbox 1080 1382 1252 1440; x_wconf 82' lang='lat' dir='ltr'>epistola</span> <span class='ocrx_word' id='word_1_113' title='bbox 1284 1381 1481 1428; x_wconf 84' lang='lat' dir='ltr'>Palladii,</span> 
     </span>
     <span class='ocr_line' id='line_1_18' title="bbox 139 1451 1483 1509; baseline -0.006 -9"><span class='ocrx_word' id='word_1_114' title='bbox 139 1466 279 1500; x_wconf 89' lang='lat' dir='ltr'>utrum</span> <span class='ocrx_word' id='word_1_115' title='bbox 311 1459 432 1500; x_wconf 89' lang='lat' dir='ltr'>nobis</span> <span class='ocrx_word' id='word_1_116' title='bbox 459 1457 541 1499; x_wconf 91' lang='lat' dir='ltr'>hoc</span> <span class='ocrx_word' id='word_1_117' title='bbox 578 1456 861 1504; x_wconf 80' lang='lat' dir='ltr'>mandaverit,</span> <span class='ocrx_word' id='word_1_118' title='bbox 891 1463 932 1497; x_wconf 89' lang='lat' dir='ltr'>et</span> <span class='ocrx_word' id='word_1_119' title='bbox 958 1454 1190 1496; x_wconf 63' lang='lat' dir='ltr'>&gt;docebitur</span> <span class='ocrx_word' id='word_1_120' title='bbox 1212 1452 1326 1509; x_wconf 87' lang='lat' dir='ltr'>quod</span> <span class='ocrx_word' id='word_1_121' title='bbox 1357 1451 1483 1493; x_wconf 83' lang='lat' dir='ltr'>etiam</span> 
     </span>
     <span class='ocr_line' id='line_1_19' title="bbox 135 1529 386 1572; baseline 0 -1"><span class='ocrx_word' id='word_1_122' title='bbox 135 1544 248 1571; x_wconf 89' lang='lat' dir='ltr'>nunc</span> <span class='ocrx_word' id='word_1_123' title='bbox 270 1529 386 1572; x_wconf 81' lang='lat' dir='ltr'>fallit.</span> 
     </span>
    </p>

    <p class='ocr_par' dir='ltr' id='par_1_8' title="bbox 192 1599 915 1658">
     <span class='ocr_line' id='line_1_20' title="bbox 192 1599 915 1658; baseline -0.001 -16"><span class='ocrx_word' id='word_1_124' title='bbox 192 1601 400 1643; x_wconf 84' lang='lat' dir='ltr'>Palladius</span> <span class='ocrx_word' id='word_1_125' title='bbox 423 1600 525 1642; x_wconf 88' lang='lat' dir='ltr'>dixit</span> <span class='ocrx_word' id='word_1_126' title='bbox 547 1616 555 1642; x_wconf 92' lang='lat'><strong>:</strong></span> <span class='ocrx_word' id='word_1_127' title='bbox 578 1599 761 1658; x_wconf 83' lang='lat' dir='ltr'>Legatur</span> <span class='ocrx_word' id='word_1_128' title='bbox 778 1601 915 1657; x_wconf 87' lang='lat' dir='ltr'>plane.</span> 
     </span>
    </p>

    <p class='ocr_par' dir='ltr' id='par_1_9' title="bbox 135 1667 1487 1870">
     <span class='ocr_line' id='line_1_21' title="bbox 195 1667 1485 1729; baseline -0.005 -15"><span class='ocrx_word' id='word_1_129' title='bbox 195 1672 394 1729; x_wconf 89' lang='lat' dir='ltr'>Episcopi</span> <span class='ocrx_word' id='word_1_130' title='bbox 417 1673 612 1714; x_wconf 90' lang='lat' dir='ltr'>dixerunt</span> <span class='ocrx_word' id='word_1_131' title='bbox 636 1687 645 1712; x_wconf 75' lang='grc' dir='ltr'>ι</span> <span class='ocrx_word' id='word_1_132' title='bbox 672 1673 908 1728; x_wconf 85' lang='lat' dir='ltr'>Imperator</span> <span class='ocrx_word' id='word_1_133' title='bbox 931 1684 1029 1712; x_wconf 91' lang='lat' dir='ltr'>cum</span> <span class='ocrx_word' id='word_1_134' title='bbox 1053 1677 1161 1711; x_wconf 84' lang='lat' dir='ltr'>esset</span> <span class='ocrx_word' id='word_1_135' title='bbox 1186 1682 1368 1725; x_wconf 87' lang='lat' dir='ltr'>praesens</span> <span class='ocrx_word' id='word_1_136' title='bbox 1390 1667 1485 1722; x_wconf 78' lang='lat' dir='ltr'>Syr-</span> 
     </span>
     <span class='ocr_line' id='line_1_22' title="bbox 135 1738 1487 1799; baseline -0.004 -15"><span class='ocrx_word' id='word_1_137' title='bbox 135 1742 244 1792; x_wconf 88' lang='lat' dir='ltr'>mio,</span> <span class='ocrx_word' id='word_1_138' title='bbox 265 1751 308 1784; x_wconf 91' lang='lat' dir='ltr'>tu</span> <span class='ocrx_word' id='word_1_139' title='bbox 332 1743 450 1784; x_wconf 86' lang='lat' dir='ltr'>illum</span> <span class='ocrx_word' id='word_1_140' title='bbox 475 1742 771 1799; x_wconf 79' lang='lat' dir='ltr'>interpellasti,</span> <span class='ocrx_word' id='word_1_141' title='bbox 797 1757 848 1783; x_wconf 83' lang='lat' dir='ltr'>an</span> <span class='ocrx_word' id='word_1_142' title='bbox 872 1742 959 1798; x_wconf 90' lang='lat' dir='ltr'>ipse</span> <span class='ocrx_word' id='word_1_143' title='bbox 988 1749 1026 1783; x_wconf 92' lang='lat' dir='ltr'>te</span> <span class='ocrx_word' id='word_1_144' title='bbox 1059 1738 1292 1797; x_wconf 76' lang='lat' dir='ltr'>compulit?</span> <span class='ocrx_word' id='word_1_145' title='bbox 1310 1747 1351 1780; x_wconf 93' lang='lat' dir='ltr'>et</span> <span class='ocrx_word' id='word_1_146' title='bbox 1373 1738 1487 1781; x_wconf 80' lang='lat' dir='ltr'>addi-</span> 
     </span>
     <span class='ocr_line' id='line_1_23' title="bbox 137 1812 1178 1870; baseline -0.002 -15"><span class='ocrx_word' id='word_1_147' title='bbox 137 1813 289 1856; x_wconf 89' lang='lat' dir='ltr'>derunt</span> <span class='ocrx_word' id='word_1_148' title='bbox 310 1830 319 1855; x_wconf 90' lang='lat'>:</span> <span class='ocrx_word' id='word_1_149' title='bbox 345 1814 458 1866; x_wconf 89' lang='lat' dir='ltr'>Quid</span> <span class='ocrx_word' id='word_1_150' title='bbox 480 1813 531 1855; x_wconf 90' lang='lat' dir='ltr'>ad</span> <span class='ocrx_word' id='word_1_151' title='bbox 549 1814 624 1855; x_wconf 86' lang='lat' dir='ltr'>ista</span> <span class='ocrx_word' id='word_1_152' title='bbox 646 1812 905 1870; x_wconf 67' lang='lat' dir='ltr'>respondes?</span> <span class='ocrx_word' id='word_1_153' title='bbox 1173 1812 1178 1815; x_wconf 53' lang='lat'><strong>⁴</strong></span> 
     </span>
    </p>

    <p class='ocr_par' dir='ltr' id='par_1_10' title="bbox 138 1880 1487 2081">
     <span class='ocr_line' id='line_1_24' title="bbox 192 1880 1487 1941; baseline -0.003 -15"><span class='ocrx_word' id='word_1_154' title='bbox 192 1883 399 1926; x_wconf 82' lang='lat' dir='ltr'>Palladius</span> <span class='ocrx_word' id='word_1_155' title='bbox 419 1885 656 1941; x_wconf 85' lang='lat' dir='ltr'>respondit:</span> <span class='ocrx_word' id='word_1_156' title='bbox 677 1885 788 1926; x_wconf 87' lang='lat' dir='ltr'>Dixit</span> <span class='ocrx_word' id='word_1_157' title='bbox 804 1883 907 1925; x_wconf 89' lang='lat' dir='ltr'>mihi</span> <span class='ocrx_word' id='word_1_158' title='bbox 928 1898 936 1924; x_wconf 79' lang='lat' dir='ltr'><em>z</em></span> <span class='ocrx_word' id='word_1_159' title='bbox 957 1883 1085 1925; x_wconf 84' lang='lat' dir='ltr'>Vade.</span> <span class='ocrx_word' id='word_1_160' title='bbox 1106 1881 1294 1924; x_wconf 84' lang='lat' dir='ltr'>Diximus</span> <span class='ocrx_word' id='word_1_161' title='bbox 1313 1896 1321 1922; x_wconf 79' lang='grc' dir='ltr'>ε</span> <span class='ocrx_word' id='word_1_162' title='bbox 1338 1880 1487 1923; x_wconf 85' lang='lat' dir='ltr'>Orien·</span> 
     </span>
     <span class='ocr_line' id='line_1_25' title="bbox 138 1950 1485 2008; baseline -0.003 -13"><span class='ocrx_word' id='word_1_163' title='bbox 138 1954 239 1995; x_wconf 84' lang='lat' dir='ltr'>tales</span> <span class='ocrx_word' id='word_1_164' title='bbox 251 1954 444 1996; x_wconf 82' lang='lat' dir='ltr'>conventi</span> <span class='ocrx_word' id='word_1_165' title='bbox 460 1954 583 1996; x_wconf 71' lang='lat' dir='ltr'>sunt?</span> <span class='ocrx_word' id='word_1_166' title='bbox 599 1954 667 1996; x_wconf 87' lang='lat' dir='ltr'>Ait</span> <span class='ocrx_word' id='word_1_167' title='bbox 685 1969 694 1996; x_wconf 68' lang='grc' dir='ltr'>ε</span> <span class='ocrx_word' id='word_1_168' title='bbox 711 1954 916 1995; x_wconf 87' lang='lat' dir='ltr'>Conventi</span> <span class='ocrx_word' id='word_1_169' title='bbox 933 1962 1043 1994; x_wconf 86' lang='lat' dir='ltr'>sunt.</span> <span class='ocrx_word' id='word_1_170' title='bbox 1061 1952 1275 2008; x_wconf 80' lang='lat' dir='ltr'>Numquid</span> <span class='ocrx_word' id='word_1_171' title='bbox 1294 1950 1326 1992; x_wconf 87' lang='lat' dir='ltr'>si</span> <span class='ocrx_word' id='word_1_172' title='bbox 1340 1951 1485 1993; x_wconf 89' lang='lat' dir='ltr'>Orien-</span> 
     </span>
     <span class='ocr_line' id='line_1_26' title="bbox 139 2021 1487 2081; baseline -0.002 -16"><span class='ocrx_word' id='word_1_173' title='bbox 139 2025 238 2067; x_wconf 84' lang='lat' dir='ltr'>tales</span> <span class='ocrx_word' id='word_1_174' title='bbox 261 2039 344 2066; x_wconf 89' lang='lat' dir='ltr'>non</span> <span class='ocrx_word' id='word_1_175' title='bbox 362 2025 534 2067; x_wconf 85' lang='lat' dir='ltr'>fuissent</span> <span class='ocrx_word' id='word_1_176' title='bbox 557 2025 774 2073; x_wconf 85' lang='lat' dir='ltr'>conventi,</span> <span class='ocrx_word' id='word_1_177' title='bbox 797 2025 1002 2081; x_wconf 82' lang='lat' dir='ltr'>numquid</span> <span class='ocrx_word' id='word_1_178' title='bbox 1020 2039 1094 2065; x_wconf 87' lang='lat' dir='ltr'>nos</span> <span class='ocrx_word' id='word_1_179' title='bbox 1115 2021 1487 2065; x_wconf 73' lang='lat' dir='ltr'>convenissemus?</span> 
     </span>
    </p>

    <p class='ocr_par' dir='ltr' id='par_1_11' title="bbox 137 2094 1520 2357">
     <span class='ocr_line' id='line_1_27' title="bbox 191 2094 1520 2153; baseline -0.004 -14"><span class='ocrx_word' id='word_1_180' title='bbox 191 2097 269 2139; x_wconf 87' lang='lat' dir='ltr'>XI.</span> <span class='ocrx_word' id='word_1_181' title='bbox 305 2097 553 2139; x_wconf 82' lang='lat' dir='ltr'>Ambrosius</span> <span class='ocrx_word' id='word_1_182' title='bbox 577 2095 796 2153; x_wconf 85' lang='lat' dir='ltr'>episcopus</span> <span class='ocrx_word' id='word_1_183' title='bbox 821 2096 923 2137; x_wconf 85' lang='lat' dir='ltr'>dixit</span> <span class='ocrx_word' id='word_1_184' title='bbox 951 2111 958 2136; x_wconf 94' lang='lat'>:</span> <span class='ocrx_word' id='word_1_185' title='bbox 986 2095 1251 2151; x_wconf 83' lang='lat' dir='ltr'>Sequestrata</span> <span class='ocrx_word' id='word_1_186' title='bbox 1277 2094 1328 2136; x_wconf 87' lang='lat' dir='ltr'>sit</span> <span class='ocrx_word' id='word_1_187' title='bbox 1361 2108 1487 2135; x_wconf 84' lang='lat' dir='ltr'>causa</span> <span class='ocrx_word' id='word_1_188' title='bbox 1518 2124 1520 2126; x_wconf 91' lang='lat'>-</span> 
     </span>
     <span class='ocr_line' id='line_1_28' title="bbox 138 2162 1487 2223; baseline -0.004 -13"><span class='ocrx_word' id='word_1_189' title='bbox 138 2168 414 2210; x_wconf 84' lang='lat' dir='ltr'>Orientalium</span> <span class='ocrx_word' id='word_1_190' title='bbox 430 2200 440 2217; x_wconf 90' lang='lat'><strong>,</strong></span> <span class='ocrx_word' id='word_1_191' title='bbox 479 2168 728 2210; x_wconf 88' lang='lat' dir='ltr'>sententiam</span> <span class='ocrx_word' id='word_1_192' title='bbox 770 2176 884 2209; x_wconf 87' lang='lat' dir='ltr'>tuam</span> <span class='ocrx_word' id='word_1_193' title='bbox 922 2167 1048 2208; x_wconf 89' lang='lat' dir='ltr'>hodie</span> <span class='ocrx_word' id='word_1_194' title='bbox 1085 2180 1240 2223; x_wconf 78' lang='lat' dir='ltr'>quaero.</span> <span class='ocrx_word' id='word_1_195' title='bbox 1270 2164 1380 2206; x_wconf 86' lang='lat' dir='ltr'>Arrii</span> <span class='ocrx_word' id='word_1_196' title='bbox 1412 2162 1487 2205; x_wconf 90' lang='lat' dir='ltr'>tibi</span> 
     </span>
     <span class='ocr_line' id='line_1_29' title="bbox 137 2236 1487 2296; baseline -0.003 -16"><span class='ocrx_word' id='word_1_197' title='bbox 137 2240 312 2296; x_wconf 85' lang='lat' dir='ltr'>epistola</span> <span class='ocrx_word' id='word_1_198' title='bbox 334 2241 441 2282; x_wconf 85' lang='lat' dir='ltr'>lecta</span> <span class='ocrx_word' id='word_1_199' title='bbox 468 2249 530 2281; x_wconf 91' lang='lat' dir='ltr'>est</span> <span class='ocrx_word' id='word_1_200' title='bbox 555 2255 564 2280; x_wconf 91' lang='lat'>:</span> <span class='ocrx_word' id='word_1_201' title='bbox 590 2241 696 2281; x_wconf 88' lang='lat' dir='ltr'>soles</span> <span class='ocrx_word' id='word_1_202' title='bbox 720 2247 761 2281; x_wconf 90' lang='lat' dir='ltr'>te</span> <span class='ocrx_word' id='word_1_203' title='bbox 782 2239 1007 2281; x_wconf 87' lang='lat' dir='ltr'>Arrianum</span> <span class='ocrx_word' id='word_1_204' title='bbox 1032 2252 1196 2294; x_wconf 80' lang='lat' dir='ltr'>negare.</span> <span class='ocrx_word' id='word_1_205' title='bbox 1228 2236 1311 2278; x_wconf 92' lang='lat' dir='ltr'>Aut</span> <span class='ocrx_word' id='word_1_206' title='bbox 1337 2236 1487 2277; x_wconf 84' lang='lat' dir='ltr'>damna</span> 
     </span>
     <span class='ocr_line' id='line_1_30' title="bbox 138 2309 789 2357; baseline -0.003 -4"><span class='ocrx_word' id='word_1_207' title='bbox 138 2310 263 2353; x_wconf 88' lang='lat' dir='ltr'>hodie</span> <span class='ocrx_word' id='word_1_208' title='bbox 287 2311 476 2357; x_wconf 89' lang='lat' dir='ltr'>Arrium,</span> <span class='ocrx_word' id='word_1_209' title='bbox 503 2319 574 2352; x_wconf 87' lang='lat' dir='ltr'>aut</span> <span class='ocrx_word' id='word_1_210' title='bbox 597 2309 789 2352; x_wconf 77' lang='lat' dir='ltr'>defende.</span> 
     </span>
    </p>

    <p class='ocr_par' dir='ltr' id='par_1_12' title="bbox 140 2377 1490 2507">
     <span class='ocr_line' id='line_1_31' title="bbox 195 2377 1490 2427; baseline -0.002 -6"><span class='ocrx_word' id='word_1_211' title='bbox 195 2381 401 2422; x_wconf 86' lang='lat' dir='ltr'>Palladius</span> <span class='ocrx_word' id='word_1_212' title='bbox 426 2380 527 2422; x_wconf 88' lang='lat' dir='ltr'>dixit</span> <span class='ocrx_word' id='word_1_213' title='bbox 549 2395 557 2421; x_wconf 91' lang='lat'>:</span> <span class='ocrx_word' id='word_1_214' title='bbox 583 2380 674 2422; x_wconf 90' lang='lat' dir='ltr'>Non</span> <span class='ocrx_word' id='word_1_215' title='bbox 698 2389 758 2421; x_wconf 88' lang='lat' dir='ltr'>est</span> <span class='ocrx_word' id='word_1_216' title='bbox 785 2379 1045 2422; x_wconf 82' lang='lat' dir='ltr'>auctoritatis</span> <span class='ocrx_word' id='word_1_217' title='bbox 1071 2387 1174 2427; x_wconf 80' lang='lat' dir='ltr'>tuae,</span> <span class='ocrx_word' id='word_1_218' title='bbox 1198 2386 1243 2420; x_wconf 87' lang='lat' dir='ltr'>ut</span> <span class='ocrx_word' id='word_1_219' title='bbox 1265 2377 1347 2420; x_wconf 86' lang='lat' dir='ltr'>hoe</span> <span class='ocrx_word' id='word_1_220' title='bbox 1377 2393 1397 2419; x_wconf 86' lang='lat' dir='ltr'>a</span> <span class='ocrx_word' id='word_1_221' title='bbox 1422 2392 1490 2419; x_wconf 88' lang='lat' dir='ltr'>me</span> 
     </span>
     <span class='ocr_line' id='line_1_32' title="bbox 140 2466 317 2507; baseline 0 -15"><span class='ocrx_word' id='word_1_222' title='bbox 140 2466 317 2507; x_wconf 83' lang='lat' dir='ltr'>quaeras.</span> 
     </span>
    </p>

    <p class='ocr_par' dir='ltr' id='par_1_13' title="bbox 140 2518 1498 2648">
     <span class='ocr_line' id='line_1_33' title="bbox 197 2518 1492 2578; baseline -0.002 -16"><span class='ocrx_word' id='word_1_223' title='bbox 197 2521 402 2562; x_wconf 80' lang='lat' dir='ltr'>Eusebius</span> <span class='ocrx_word' id='word_1_224' title='bbox 439 2521 660 2578; x_wconf 77' lang='lat' dir='ltr'>episcopus</span> <span class='ocrx_word' id='word_1_225' title='bbox 692 2520 792 2561; x_wconf 81' lang='lat' dir='ltr'>dixit</span> <span class='ocrx_word' id='word_1_226' title='bbox 821 2536 829 2560; x_wconf 94' lang='lat'>:</span> <span class='ocrx_word' id='word_1_227' title='bbox 867 2520 958 2562; x_wconf 81' lang='lat' dir='ltr'>Non</span> <span class='ocrx_word' id='word_1_228' title='bbox 1005 2520 1217 2562; x_wconf 88' lang='lat' dir='ltr'>credimus</span> <span class='ocrx_word' id='word_1_229' title='bbox 1251 2518 1492 2575; x_wconf 79' lang='lat' dir='ltr'>religiosum</span> 
     </span>
     <span class='ocr_line' id='line_1_34' title="bbox 140 2587 1498 2648; baseline -0.002 -16"><span class='ocrx_word' id='word_1_230' title='bbox 140 2591 436 2648; x_wconf 84' lang='lat' dir='ltr'>imperatorem</span> <span class='ocrx_word' id='word_1_231' title='bbox 456 2591 568 2633; x_wconf 85' lang='lat' dir='ltr'>aliud</span> <span class='ocrx_word' id='word_1_232' title='bbox 590 2590 739 2633; x_wconf 81' lang='lat' dir='ltr'>dixisse</span> <span class='ocrx_word' id='word_1_233' title='bbox 756 2622 766 2639; x_wconf 91' lang='lat'><em>,</em></span> <span class='ocrx_word' id='word_1_234' title='bbox 780 2605 908 2646; x_wconf 81' lang='lat' dir='ltr'>quam</span> <span class='ocrx_word' id='word_1_235' title='bbox 932 2590 1112 2646; x_wconf 88' lang='lat' dir='ltr'>scripsit.</span> <span class='ocrx_word' id='word_1_236' title='bbox 1127 2588 1357 2646; x_wconf 87' lang='lat' dir='ltr'>Episcopos</span> <span class='ocrx_word' id='word_1_237' title='bbox 1375 2587 1498 2644; x_wconf 88' lang='lat' dir='ltr'>jussit</span> 
     </span>
    </p>
   </div>
  </div>
 </body>
</html>
