1774 3158
292 198 333 222 1⁴2
358 185 366 230 i
839 198 868 224 s.
912 199 1100 225 Aunixosu

283 274 420 330 perire
438 288 521 315 nou
539 283 600 315 est
617 290 773 332 passus.
798 275 887 318 Nou
913 276 1134 318 mediocris
1149 308 1159 324 ‚
1179 277 1250 318 sed
1269 276 1441 333 perfecti
1465 278 1504 319 iu
1522 277 1630 336 Lege

289 358 365 383 vox
387 343 461 383 ista
488 352 550 384 est
573 344 713 386 dicere
735 345 934 388 :«Dilexi.
968 346 1189 387 Plenitudo
1210 347 1322 388 enim
1345 346 1480 403 Legis,
1506 348 1632 390 dilec-

288 431 301 449 ι)
319 413 374 453 tio
393 412 495 453 est¹.
511 430 526 449 »
542 411 624 454 Sed
645 413 747 469 quid
768 415 986 463 dilexerit,
1009 415 1239 456 audiamus.
1265 416 1370 456 Cum
1390 425 1551 458 tacetur
1567 432 1632 473 ge-

287 497 363 523 nus
396 482 656 532 dilectionis,
682 484 826 541 utique
852 485 1000 526 divinae
1033 484 1246 527 charitatis
1269 485 1399 542 gratia
1425 487 1635 542 significa·

284 561 367 600 tur,
389 567 468 608 qua
489 552 697 610 diligimus
714 554 833 603 illud,
851 556 962 610 quod
980 565 1038 596 est
1053 570 1178 612 super
1191 557 1330 597 omnia
1345 557 1633 599 desiderabilia

290 621 590 670 desiderabile.
627 623 677 664 de
709 638 791 680 quo
826 625 1028 681 scriptum
1066 634 1128 666 est
1156 642 1164 667 ε
1190 626 1377 684 «Diliges
1407 627 1633 669 Dominum

287 711 302 730 ι)
316 692 451 733 Deum
471 691 628 733 tuun12.
648 712 662 731 a

345 762 498 804 XVIII.
536 764 644 821 Ergo
686 765 904 807 discedens
932 781 954 807 e
979 766 1098 808 terris
1131 766 1197 823 pia
1226 767 1388 816 anima,
1423 776 1464 810 et
1491 776 1635 810 sancto

286 834 444 889 repleta
469 833 648 890 Spiritu,
676 836 792 892 quasi
815 837 1170 894 interrogantibus
1199 838 1246 879 iis
1265 872 1273 887 ,
1295 839 1365 895 qui
1384 838 1461 880 sibi
1485 853 1637 881 occur-

285 912 444 952 rerunt,
457 919 553 946 cum
567 921 655 948 sese
667 908 718 948 ad
733 907 924 949 sublimia
938 916 979 949 et
992 924 1171 965 superna
1186 910 1434 967 subrigeret,
1453 909 1634 952 dicebat:

298 991 312 1009 «
340 976 487 1018 Dilexi.
505 995 520 1014 ν)
539 976 651 1019 Nihil
684 977 764 1019 hoc
788 978 973 1034 plenius,
1000 979 1102 1021 nibil
1124 981 1372 1037 expressius.
1400 981 1638 1038 Interroga·

289 1047 389 1087 bant
417 1047 565 1104 Angeli
598 1049 661 1089 vel
689 1048 941 1104 Archangeli
981 1064 989 1089 :
1019 1049 1133 1100 Quid
1165 1051 1284 1106 egisti
1319 1051 1359 1092 in
1390 1051 1542 1093 terris?
1573 1066 1641 1093 oc-

289 1119 501 1160 cultorum
521 1118 631 1160 enim
647 1127 709 1160 est
731 1119 841 1160 solus
861 1119 1055 1176 cognitor
1070 1120 1195 1162 Deus.
1213 1121 1404 1169 Dicebat,
1421 1122 1629 1172 «Dilexi;»

290 1190 371 1231 hoc
393 1198 455 1231 est
478 1189 622 1232 dicere
648 1205 655 1231 :
681 1190 834 1247 Legem
867 1191 1063 1247 implevi,
1087 1191 1358 1249 Evangelium
1383 1208 1466 1235 non
1490 1201 1640 1249 praete-

293 1261 397 1310 rivi;
425 1263 502 1303 hoc
531 1269 590 1303 est
610 1262 751 1303 dicere
781 1276 790 1302 ε
816 1262 938 1303 Morti
965 1277 1032 1303 me
1053 1262 1211 1310 obtuli,
1237 1271 1305 1304 et«
1318 1263 1420 1304 Tota
1450 1263 1516 1304 die
1534 1264 1640 1306 aesti-

292 1340 459 1374 »matus
476 1347 567 1374 sum
591 1332 699 1374 sicut
716 1332 802 1374 ovis
814 1331 1074 1374 occisionis&
1096 1351 1110 1370 ι)
1124 1332 1175 1373 Et
1193 1332 1285 1373 idco
1305 1332 1489 1380 confido,
1507 1333 1641 1385 «Quia

292 1422 307 1441 n
323 1418 457 1459 neque
480 1417 615 1450 mors,
637 1418 775 1460 neque
798 1403 901 1451 vita,
926 1418 1064 1458 neque
1086 1402 1259 1460 Angeli.
1282 1419 1418 1460 neque
1440 1403 1640 1452 Virtutes,

295 1494 308 1511 n
323 1488 459 1529 neque
488 1473 666 1516 altitudo
684 1506 694 1522 ,
720 1488 858 1530 neque
879 1473 1136 1532 profundum
1153 1505 1163 1522 ,
1193 1489 1329 1531 neque
1351 1482 1543 1517 creatura
1567 1474 1643 1516 alia

295 1544 479 1601 »poterit
507 1559 580 1585 uos
600 1559 794 1601 separare
816 1560 837 1586 a
861 1543 1065 1586 charitate
1088 1544 1186 1592 Dei,
1213 1560 1304 1601 quse
1328 1553 1390 1585 est
1413 1544 1454 1585 in
1477 1544 1644 1586 Christo

295 1633 309 1654 n
324 1615 421 1657 Jesu
445 1614 627 1657 Domino
653 1614 832 1656 nostrol‘.
852 1633 867 1653 »

351 1687 470 1728 XIX.
509 1687 597 1728 Hoc
629 1687 876 1727 mandatum
898 1686 1018 1743 Legis
1041 1685 1165 1727 etiam
1193 1685 1232 1725 iu
1256 1684 1478 1741 Evangelio
1506 1684 1647 1726 Domi-

293 1771 370 1798 nus
393 1756 514 1798 Jesus
545 1758 669 1799 docet
694 1772 785 1799 esse
813 1758 1087 1804 servandum,
1117 1771 1212 1797 cum
1239 1756 1340 1797 dicit
1363 1756 1414 1796 ad
1439 1756 1608 1797 Petrum
1633 1771 1642 1797 :

304 1826 476 1867 «Simon
500 1826 672 1868 Joannis
688 1858 699 1875 ,
726 1825 862 1883 diligis
875 1825 974 1867 me'?
995 1835 1036 1867 et
1067 1827 1135 1867 ille
1173 1826 1388 1883 respondit
1416 1840 1425 1866 :
1447 1826 1509 1867 Tu
1539 1825 1619 1867 scis
1635 1857 1644 1873 ‚

295 1896 502 1938 »Domine
520 1930 528 1942 ,
563 1897 661 1954 quia
689 1897 814 1954 diligo
846 1905 898 1938 te.
932 1896 984 1937 Et
1006 1897 1158 1937 iterum
1182 1895 1284 1937 dixit
1309 1910 1316 1936 :
1352 1895 1495 1937 Simon
1521 1894 1650 1936 Joan-

296 1967 412 2016 nnis,
440 1967 574 2024 diligis
592 1967 691 2013 me?
717 1975 758 2009 et
787 1967 937 2008 iterum
974 1965 1218 2022 respondit:
1255 1965 1417 2012 Etiam,
1443 1964 1642 2013 Domine,

295 2046 369 2079 »tu
398 2038 477 2079 scis
509 2038 604 2094 quia
638 2037 764 2094 diligo
801 2046 855 2079 te.
892 2037 942 2078 Et
974 2036 1095 2078 tertio
1127 2036 1405 2091 interrogatus
1447 2035 1502 2077 ait
1528 2050 1537 2076 :
1567 2036 1650 2077 Do-

296 2128 310 2148 »
327 2110 437 2150 mine
455 2142 464 2157 ,
486 2109 624 2150 omnia
643 2118 688 2151 tu
707 2109 807 2157 scis,
828 2116 873 2149 tu
892 2108 996 2149 nosti
1019 2108 1114 2163 quia
1134 2122 1227 2147 aino
1248 2107 1322 2148 te'³.
1344 2126 1356 2143 »
1373 2105 1648 2148 Confirmavit

296 2182 435 2236 itaque
458 2180 706 2222 charitatem
732 2179 837 2220 trina
869 2178 1109 2235 responsio,
1135 2179 1199 2219 vel
1230 2177 1409 2218 abolevit
1432 2178 1550 2218 triuae
1575 2192 1650 2218 ne-

295 2251 473 2308 gationis
507 2264 709 2291 errorem.
748 2249 800 2290 Et
823 2249 890 2290 hie
923 2249 1074 2289 trinam
1106 2247 1421 2305 responsionem
1449 2247 1480 2288 si
1503 2246 1650 2302 quaeri-

296 2337 389 2364 inus
407 2354 417 2370 ,
454 2321 690 2363 invenimus
717 2336 726 2361 ε
752 2339 765 2357 α
786 2319 943 2366 Dchi,
981 2319 1181 2375 quoniam
1217 2317 1414 2359 exaudiet
1445 2317 1651 2359 Dominus

297 2407 472 2434 »vocem
506 2391 704 2433 orationis
734 2389 876 2432 meae0.
897 2408 911 2428 n
932 2388 1065 2430 Dilexi
1083 2420 1092 2436 ,
1119 2387 1317 2445 quoniam
1344 2388 1558 2430 inclinavit
1581 2403 1650 2430 au-

343 2494 348 2506 ·
376 2484 469 2516 nom.
485 2495 558 2520 xm,
586 2494 631 2515 10.
651 2501 688 2506 —
711 2493 721 2506 ο
742 2483 837 2515 Πρωὶ,
858 2493 902 2521 vu,
920 2483 951 2513 5.
972 2500 1010 2505 —
1029 2483 1040 2503 ³
1068 2481 1147 2512 Psal.
1172 2491 1264 2516 um.
1294 2492 1345 2514 υ.
1363 2483 1431 2506 -ἑ
1456 2481 1548 2513 Rom.
1579 2491 1651 2517 vui,

299 2538 352 2569 3¹⁶³,
371 2539 421 2580 39*
449 2556 479 2561 υ-
504 2542 513 2557 z
533 2537 627 2569 eru.
652 2549 716 2574 ui,
736 2539 785 2573 15,
803 2542 831 2568 rt
859 2546 945 2579 seqq.
977 2554 1012 2560 «-
1032 2535 1134 2568 *ip-,91
1165 2545 1248 2572 cxiv,
1271 2546 1299 2567 ι.
1323 2540 1351 2567 et
1372 2545 1448 2577 seqq
