1774 3158
539 234 821 263 EPISTOLARUM
855 234 1012 263 CLASSlS
1046 237 1072 262 1.
1418 237 1498 279 277

151 328 329 372 quorum
361 313 599 369 frequenter
633 313 875 370 praescntior
898 313 1087 354 absentia
1126 312 1226 359 suit,
1260 312 1427 369 quando
1458 313 1501 354 in

149 397 376 428 commune
404 383 627 425 consuluit.
671 383 812 440 Neque
850 383 962 424 enim
1000 384 1067 424 vel
1099 397 1173 424 nos
1201 384 1497 426 aestimavimus

152 466 242 497 esse
261 453 497 496 convicium
517 488 524 499 ἕ
552 467 648 494 cum
673 468 779 494 unus
809 452 1282 509 Constantinopolitanae
1304 453 1501 503 Ecclesiae

152 525 371 583 presbyter
385 557 394 572 ,
412 525 564 566 Paulus
579 524 747 565 nomine
761 556 771 572 ,
790 523 897 564 intra
910 522 1111 565 Achaiam
1129 525 1336 579 synodum
1356 524 1501 567 Oricu-

152 596 297 639 talium
323 596 439 650 juxta
467 605 588 651 atque
612 594 949 637 Occidentalium
972 595 1258 651 postulaverit.

210 664 299 708 Vll.
338 665 530 707 Advertit
566 665 788 706 clementia
825 673 894 706 tua
939 679 1023 705 non
1055 663 1181 706 fuisse
1217 665 1504 709 irrationabile

152 737 408 793 postulatum
425 769 434 784 ,
459 735 572 790 quod
589 735 714 776 etiam
741 735 791 776 ab
814 734 1098 776 Orientalibus
1120 743 1182 777 est
1199 736 1392 792 petitum.
1421 737 1506 779 Sed

154 807 250 863 quia
271 806 427 862 Illyrici
457 814 648 862 suspecta
672 815 891 859 movetur,
916 805 1010 847 ideo
1039 805 1248 847 maritima
1281 821 1328 849 ac
1352 807 1505 848 tutiora

151 876 323 932 quaesita
346 885 455 918 sunt.
484 876 625 932 Neque
649 877 771 933 plane
793 891 867 918 nos
892 885 1091 932 tanquam
1114 891 1164 918 ex
1188 876 1323 918 forma
1348 877 1504 933 aliquid

153 946 440 988 innovavimus
465 961 474 987 :
503 947 576 988 sed
599 955 752 989 sanctae
781 946 994 988 memoriae
1021 945 1264 995 Athanasii,
1290 946 1362 1003 qui
1386 947 1503 1003 quasi

155 1017 349 1058 columen
382 1014 478 1057 fidei
506 1015 604 1068 suit,
637 1025 678 1057 et
708 1016 859 1057 veteris
884 1015 1113 1058 sanctitatis
1140 1023 1309 1072 patrum
1337 1025 1505 1058 nostro-

153 1101 248 1128 rum
274 1087 316 1128 in
336 1086 532 1129 Conciliis
556 1085 724 1128 definita
748 1095 982 1135 servantes,
1009 1101 1093 1128 non
1117 1086 1334 1129 evellimus
1358 1087 1507 1128 termi-

155 1171 251 1204 nos,
276 1171 378 1212 quos
400 1165 629 1214 posuerunt
657 1165 794 1213 patres
812 1156 970 1205 nostri3
996 1171 1075 1198 nec
1094 1155 1373 1198 haereditariae
1391 1171 1503 1198 coma

154 1227 363 1268 munionis
402 1227 495 1283 jura
526 1227 727 1269 violamus
759 1243 767 1268 :
805 1229 877 1270 sed
917 1227 1100 1284 debitam
1143 1235 1282 1268 vestro
1323 1227 1502 1284 imperio

151 1295 517 1339 honorificentiam
537 1305 818 1346 reservantes,
838 1297 1046 1340 studiosos
1068 1311 1143 1339 nos
1162 1296 1275 1354 pacis
1293 1303 1333 1338 et
1352 1296 1502 1353 quietis

153 1366 424 1409 ostendimus.
