1774 3158
508 252 788 280 Bms‘romnun
823 252 979 280 cussis
1014 254 1038 280 1.
1378 241 1453 281 261

113 409 1095 422 Qummmmwssmmmwmmwwmxum
1103 411 1157 423 xm
1163 410 1466 424 twtwmmm

606 526 868 574 EPISTOLA
906 527 961 569 X.

114 673 465 732 Imperatoribus
488 673 539 715 de
555 675 727 730 Synodi
741 676 1047 716 convocatione
1066 675 1233 731 gratias
1250 676 1371 731 agit,
1391 676 1468 729 qai

172 745 230 786 ad
250 759 346 785 eam
367 745 676 793 convenerint,
701 745 881 798 eaeponit
895 775 905 791 ,
925 744 1229 785 hoereticorum
1254 745 1469 801 tergiver-

173 815 405 860 sationem,
426 812 716 868 blasphemias
731 829 783 854 ac
800 814 1093 869 pervicaciam
1109 824 1341 861 memorat,
1367 824 1465 853 zan-

174 883 272 925 dcm
295 883 506 940 implorat
534 882 669 939 sidem
691 885 1032 939 imperatorum,
1060 893 1106 924 ιιι
1127 894 1165 924 ot
1187 899 1340 925 eorum
1361 898 1468 924 auo-

175 955 346 994 toritalo
381 953 629 994 executioni
656 953 926 995 mandentur
970 954 1149 995 concilii
1187 953 1384 1001 decreta,
1430 962 1470 994 et

173 1023 256 1064 alii
276 1024 482 1064 nonnulli
499 1023 693 1065 leoerecici
713 1032 1006 1065 coerceantur.

114 1160 441 1217 Imperatoribus
454 1160 790 1202 clementissimis
804 1169 845 1202 et
858 1160 1114 1210 christianis,
1134 1161 1469 1217 beatissimisque

171 1231 433 1287 principibus
456 1231 656 1273 Gratiano
671 1264 680 1278 ,
697 1230 989 1287 Valentiniano
1004 1240 1045 1272 et
1062 1231 1299 1273 Theodosio
1316 1264 1326 1280 ,
1352 1246 1469 1273 sanc-

172 1309 262 1342 tum
285 1301 547 1350 Concilium,
573 1302 686 1357 quod
710 1301 905 1342 convenit
928 1301 1145 1357 Aquileiae.

173 1438 204 1480 I.
240 1439 507 1481 anmcws
527 1439 639 1480 Deus
665 1439 786 1481 Pater
809 1439 977 1481 Domini
1000 1439 1132 1482 nostri
1159 1439 1261 1481 Jesu
1285 1439 1466 1488 Christi,

115 1508 185 1564 qui
210 1509 326 1551 vobis
351 1510 587 1551 Romanum
616 1510 839 1566 imperium
862 1510 1003 1557 dedit3
1027 1519 1068 1551 et
1098 1510 1349 1552 benedictus
1379 1511 1470 1551 Do-

114 1578 254 1619 minus
285 1585 428 1619 noster
458 1579 576 1620 Jesus
605 1578 795 1620 Christus
834 1579 1074 1635 unigenitus
1105 1579 1179 1621 Dei
1212 1580 1370 1627 Filius,
1398 1580 1472 1636 qui

114 1663 289 1705 regnum
312 1658 497 1690 vestrum
526 1664 598 1690 sua
626 1648 780 1704 pietate
804 1649 1009 1696 custodit,
1036 1651 1147 1706 apud
1164 1664 1289 1705 quem
1313 1650 1467 1706 gratias

116 1718 275 1774 agimus
292 1718 408 1759 vobis
427 1752 435 1766 ‚
462 1718 780 1760 clementissimi
802 1718 1038 1775 Principes,
1058 1720 1170 1774 quod
1192 1727 1234 1760 et
1256 1718 1354 1760 fidei
1378 1734 1469 1760 ves-

115 1796 187 1829 trae
211 1788 397 1830 studium
425 1788 697 1844 probavistis,
713 1789 783 1844 qui
803 1790 853 1830 ad
870 1790 1147 1830 removendas
1172 1789 1470 1831 altercationes

114 1873 369 1915 congregare
393 1858 608 1900 studuistis
628 1860 887 1901 sacerdotale
914 1859 1148 1901 Concilium
1165 1891 1175 1907 ‚
1199 1867 1241 1900 et
1262 1859 1470 1916 episcopis

116 1929 356 1986 dignatione
387 1937 521 1970 vestra
554 1929 922 1972 honorificentiam
960 1930 1225 1977 reservastis3
1262 1938 1306 1971 ut
1343 1945 1470 1971 nemo

116 2001 278 2042 deesset
295 2001 457 2048 volens,
484 2014 608 2041 nemo
629 2008 852 2056 cogeretur
871 2000 1037 2042 invitus.

169 2070 220 2112 Il.
257 2070 400 2126 Itaque
422 2070 537 2126 juxta
556 2071 889 2112 mansuetudinis
916 2080 1061 2113 vestrae
1080 2079 1339 2128 praeceptum
1360 2085 1466 2112 con-

114 2140 304 2182 venimus
326 2141 414 2183 sine
431 2141 584 2183 invidia
610 2141 893 2183 multitudinis
908 2173 918 2189 ,
944 2150 985 2183 et
1008 2156 1106 2183 cum
1124 2140 1278 2183 affectu
1302 2141 1469 2197 discep-

117 2209 282 2251 tationis
308 2226 316 2250 :
343 2211 518 2252 nec-ulli
543 2211 595 2252 de
618 2210 826 2252 haereticis
850 2211 1036 2268 episcopi
1062 2219 1160 2252 sunt
1181 2209 1364 2267 reperti,
1394 2209 1472 2251 uisi

114 2279 324 2321 Palladius
341 2289 382 2321 et
404 2280 693 2322 secundianus
710 2314 720 2329 ‚
733 2281 904 2323 nomina
923 2289 1096 2322 vetustae
1114 2279 1300 2337 perfidiae
1313 2310 1323 2327 ,
1343 2294 1472 2336 prop-

117 2356 181 2390 ter
217 2364 321 2404 quos
353 2350 599 2407 congregari
633 2350 872 2392 Concilium
902 2351 1173 2407 postulabant
1199 2351 1252 2390 de
1285 2357 1475 2390 extrema

118 2419 231 2460 orbis
255 2428 372 2475 parte
392 2420 583 2462 Romani.
609 2421 718 2462 Ecce
742 2422 882 2462 nullus
916 2421 1143 2462 senectutis
1183 2427 1377 2475 gravatus
1404 2433 1472 2459 an-

118 2488 208 2536 nis,
236 2488 357 2545 cujus
386 2490 451 2531 vel
484 2491 570 2531 sola
603 2499 712 2532 essct
743 2491 972 2533 reverenda
1007 2490 1181 2531 canities
1202 2522 1211 2537 ,
1249 2489 1300 2529 de
1323 2488 1472 2529 ultimo

119 2557 212 2599 sinu
233 2559 357 2601 maris
371 2559 528 2602 Oceani
553 2560 693 2602 venire
718 2562 958 2617 compulsus
982 2569 1069 2607 est.
1094 2568 1136 2602 et
1159 2558 1348 2601 Concilio
1367 2557 1473 2601 nihil
