1774 3158
496 282 779 315 musa-omnum
811 280 968 315 cussis
999 285 1027 314 ι.
1359 275 1413 325 45
1425 288 1438 315 ι

115 384 131 405 α
149 364 259 421 Quia
281 362 497 422 eloquium
526 363 697 407 Domini
723 361 825 405 ussit
854 363 973 406 eum'
995 381 1005 412 ;
1027 382 1042 403 ι»
1071 379 1154 421 quo
1176 365 1367 408 restinxit
1386 365 1449 424 ig-

104 436 212 479 nitas
231 435 385 478 diaboli
407 434 590 491 sagittas.

163 506 239 550 XL
282 506 505 557 Quomodo
530 506 598 547 hic
621 519 763 546 servus
783 536 793 552 ,
825 504 895 560 qui
923 503 1104 546 erudivit
1134 504 1345 563 principes
1374 519 1452 562 po-

103 576 192 635 puli
218 577 258 619 in
288 578 355 618 illa
382 576 655 618 frumentaria
684 575 1028 632 dispensatione3
1058 584 1103 617 ut
1125 576 1275 618 suturae
1304 577 1452 634 inopiae

105 648 376 690 consulerent
397 654 438 688 et
464 644 763 703 providerent?
799 644 885 686 Aut
917 646 1131 700 quomodo
1169 661 1310 688 servus
1334 679 1342 694 ‚
1383 647 1454 703 qui

107 726 239 760 totam
264 726 418 759 terram
450 716 689 773 acquisivit,
720 723 762 757 et
798 714 1044 756 universum
1069 717 1272 771 populum
1297 716 1458 773 [Egyp-

104 787 261 828 tiorum
288 786 330 827 in
353 786 595 835 servitutem
616 784 777 841 redegit
792 783 806 805 ²
833 783 851 825 Ρ
880 783 973 826 Non
995 792 1042 825 ut
1064 785 1348 826 conditionem
1373 800 1457 826 ser-

105 856 193 897 vitii
220 855 414 913 ignobilis
448 855 674 912 irrogaret,
709 855 781 895 sed
820 863 867 895 ut
904 853 1110 895 tributum
1150 854 1457 902 constitueret,

103 935 257 984 praeter
278 926 584 983 possessionem
607 933 749 966 tamen
773 925 1081 967 sacerdotalem
1099 957 1108 972 ,
1132 940 1258 981 quam
1283 940 1303 966 a
1325 926 1460 966 tribu-

105 997 157 1039 tis
179 997 413 1039 immunem
436 995 663 1038 reservavit
683 1012 693 1043 ;
734 1003 781 1037 ut
815 996 927 1052 apud
962 996 1180 1054 AEgyptios
1203 1011 1373 1053 quoque
1399 997 1460 1038 in·

105 1067 311 1109 violabilis
332 1067 561 1108 haberetur
581 1065 729 1121 religio
754 1065 1038 1106 sacerdotalis.

164 1137 261 1179 XII.
301 1136 393 1179 Non
412 1135 509 1178 seeit
528 1135 654 1192 igitur
672 1150 768 1175 eum
783 1149 949 1175 servum
969 1134 1178 1182 venditio;
1201 1149 1297 1176 nam
1317 1135 1462 1192 utique

107 1208 441 1265 negotiatoribus
465 1214 554 1248 erat
581 1206 776 1248 venditus
803 1219 812 1245 t
840 1220 983 1246 verum
1011 1204 1042 1245 si
1065 1205 1246 1261 pretium
1267 1214 1431 1262 spectes
1452 1240 1462 1255 ,

109 1279 267 1320 multos
292 1278 476 1319 invenies
499 1277 570 1333 qui
594 1284 788 1318 emerunt
810 1276 887 1316 sibi
911 1276 1115 1332 puellulas
1137 1274 1281 1316 sormae
1304 1278 1468 1333 elegan-

109 1349 250 1397 tioris,
271 1363 450 1404 quarum
466 1349 611 1389 'amore
630 1346 740 1403 capti
756 1379 765 1394 ‚
789 1345 902 1402 turpi
930 1345 1095 1386 servitio
1124 1360 1212 1387 sese
1237 1347 1459 1389 dederunt.

110 1419 342 1462 Videbatur
365 1418 525 1474 Apeme
550 1416 787 1459 concubina
824 1415 938 1458 Darii
968 1416 1074 1471 regis
1107 1418 1256 1458 sedens
1290 1418 1342 1458 ad
1369 1417 1466 1458 dex-

111 1499 241 1532 teram
267 1489 356 1545 ejus
372 1520 383 1536 ‚
411 1488 602 1529 auferens
626 1489 678 1528 (le
705 1487 842 1543 capite
864 1486 954 1540 ejus
974 1487 1163 1527 diadema
1183 1520 1192 1534 ‚
1218 1496 1258 1528 et
1280 1502 1355 1528 suo
1383 1487 1464 1527 im-

109 1575 270 1617 ponens
307 1558 452 1600 vertici
474 1591 484 1606 ,
519 1557 669 1615 palmis
696 1556 846 1597 faeiem
868 1555 960 1611 ejus
982 1555 1148 1597 sinistra
1171 1571 1298 1597 manu
1318 1557 1462 1597 verbe—

111 1646 207 1672 rans
233 1645 242 1671 :
268 1645 391 1686 quam
408 1645 480 1670 rex
501 1636 643 1685 aperto
662 1642 733 1668 ore
753 1626 1011 1674 intuebatur,
1033 1627 1218 1683 gaude—ns
1239 1627 1270 1668 si
1295 1628 1462 1682 quando

113 1701 318 1742 arrideret
339 1699 375 1741 ei
398 1697 572 1740 mulier³
598 1712 607 1738 ε
632 1698 746 1754 quod
774 1697 806 1738 si
841 1711 888 1737 ea
912 1696 1223 1752 indignaretur,
1263 1698 1464 1739 miserum

113 1786 155 1812 se
179 1779 304 1827 atque
327 1769 528 1811 afflictum
552 1775 743 1824 putaret3
769 1774 814 1807 ut
838 1775 1042 1823 potestate
1066 1767 1268 1808 submissa
1300 1768 1466 1809 blandi-

113 1841 189 1882 tias
212 1841 455 1886 obtexeret,
480 1845 522 1879 et
544 1836 759 1878 conciliari
779 1836 856 1877 sibi
877 1851 968 1878 eam
991 1838 1306 1894 deprecaretur.

170 1910 290 1954 XIII.
326 1910 410 1952 Sed
443 1908 545 1965 quid
583 1908 659 1949 ista
687 1922 839 1963 magno
875 1909 1103 1964 allegamus
1142 1908 1334 1950 ambitu?
1372 1909 1463 1951 Non

113 1982 563 2038 videmusplerumque
581 1978 621 2020 in
645 1986 891 2035 potestatem
911 1979 1130 2035 piraticam
1141 1979 1467 2022 velimmanium

114 2053 391 2095 barbarorum
421 2053 638 2098 redactos,
672 2058 869 2107 parentes
893 2065 912 2091 a
938 2049 1033 2092 filiis
1064 2051 1215 2093 redimi
1250 2053 1468 2109 pecunia?

115 2122 329 2178 Numquid
351 2124 462 2178 leges
492 2121 682 2177 pecuniae
721 2120 931 2176 potiores,
969 2136 1093 2176 quam
1128 2122 1239 2177 leges
1275 2121 1468 2164 naturae?

105 2192 330 2248 ,Numquid
357 2191 398 2232 in
421 2191 619 2233 servitute
644 2189 875 2231 accersitur
903 2190 1065 2246 pietas?
1088 2191 1283 2247 Plerique
1307 2201 1470 2249 empto·

116 2279 182 2305 res
204 2264 376 2304 leonum
398 2270 512 2311 sunt,
533 2269 573 2302 et
592 2269 730 2302 tamen
754 2276 837 2301 nou
856 2261 1130 2303 dominantur
1147 2261 1339 2302 leonibus
1361 2277 1370 2303 :
1396 2261 1470 2303 sed

117 2333 173 2374 ita
198 2332 481 2387 subjiciuntur
506 2345 623 2372 versa
639 2330 729 2371 viee
745 2363 754 2378 ‚
774 2339 821 2372 ut
845 2330 876 2371 si
895 2340 1159 2387 exasperatos
1178 2345 1248 2373 eos
1267 2340 1467 2373 excutere

118 2403 281 2445 cervice
308 2411 415 2444 totos
452 2401 658 2448 viderint,
696 2400 854 2457 fugiant
877 2409 917 2442 et
941 2401 1203 2442 delitescant.
1234 2401 1348 2443 ’Nihil
1370 2391 1469 2458 ergo

119 2473 368 2531 przrjudicat
392 2470 590 2529 pecunia,
624 2485 716 2526 quae
745 2476 996 2527 plerumque
1017 2471 1095 2512 sibi
1121 2470 1312 2511 dominos
1331 2472 1432 2511 emit
1456 2485 1466 2512 z

120 2545 226 2587 nihil
245 2544 395 2586 tabulae
419 2542 674 2584 auctionales
689 2573 700 2590 ,
721 2541 873 2597 quibus
898 2550 1065 2598 emptor
1086 2541 1330 2597 frequenter
1356 2540 1473 2598 adju-

169 2646 178 2659 ¹
197 2636 280 2669 Psal.
302 2645 367 2672 civ.
385 2644 435 2676 19.
453 2652 491 2660 —
511 2643 525 2659 ·
544 2632 627 2666 Gen.
644 2643 746 2672 nvn,
765 2643 815 2665 20.
833 2651 872 2659 —
891 2634 905 2658 ³
929 2635 947 2664 3
964 2633 1059 2666 Esdr.
1075 2644 1119 2672 iv.
1140 2645 1192 2676 29,
1207 2634 1261 2670 50.
1278 2640 1311 2666 et
1325 2644 1412 2677 seqq.

1239 2703 1306 2744 29.
