1774 3158
438 216 488 242 DE
523 213 647 241 omTu
683 212 903 240 'simonosn
937 214 1104 241 omno.
1370 199 1449 254 139

104 293 251 333 domus
287 299 428 339 sorte,
471 290 651 345 quodam
688 289 874 343 supremi
910 289 1063 333 funeris
1104 289 1450 347 peregrinabatur

103 362 266 403 exilio¹.

158 431 240 473 LV.
278 432 372 472 Flos
401 430 523 471 etiam
543 463 552 479 ‚
578 425 805 486 imperator
827 430 1038 486 Auguste,
1065 431 1177 485 quod
1205 445 1288 470 non
1314 443 1447 484 usque

105 500 508 556 Constantinopolim
540 501 786 541 reverendas
818 500 1013 555 reliquias
1046 500 1132 556 ipse
1162 497 1442 555 prosequerIs.

101 571 257 612 Eadem
281 570 355 612 tibi
375 586 501 612 causa
520 570 740 611 nobiscum
761 579 847 617 est,
874 585 1018 611 omnes
1039 570 1152 626 justo
1177 571 1320 610 dolore
1345 584 1445 625 pro-

102 641 317 698 sequimur
337 674 346 688 ,
369 656 535 688 omnes,
566 641 598 681 si
616 639 704 681 lieri
727 649 893 696 posset,
919 640 1173 682 deductores
1196 647 1337 680 tecum
1357 653 1447 679 esso

103 726 364 767 cuperemus.
388 710 468 751 Sed
486 709 642 766 Joseph
662 711 712 751 ad
731 709 949 751 finitimam
969 709 1142 752 accessit
1156 707 1414 765 provinciam
1437 722 1447 747 ε

102 782 170 822 hic
188 783 316 823 multa
341 780 592 835 interjacent
612 781 829 836 regionum
853 780 1029 821 divortia
1045 812 1054 827 ,
1078 779 1146 820 hic
1165 778 1296 819 maria
1315 785 1448 819 trans-

102 851 289 892 fretanda
313 859 421 892 sunt.
457 850 542 892 Nec
574 851 654 891 hoc
688 850 857 904 quidem
890 850 965 891 tibi
988 849 1273 895 laboriosum,
1307 846 1383 888 nisi
1408 854 1449 887 te

102 930 262 962 teneret
284 921 556 977 Respublica,
582 936 705 976 quam
729 920 827 961 boui
846 921 1121 976 imperatores
1144 926 1183 959 et
1203 916 1448 974 parentibus

102 1000 143 1032 et
167 990 260 1033 filiis
286 993 571 1048 praetulerunt.
611 990 800 1046 Denique
824 990 916 1031 ideo
943 999 983 1031 te
1007 990 1304 1044 imperatorem
1328 994 1447 1043 pater

101 1060 222 1108 fecit,
260 1062 463 1102 Dominus
487 1059 776 1107 confirmavit;
805 1069 849 1101 ut
873 1075 955 1101 non
984 1059 1059 1101 soli
1082 1058 1284 1100 militares
1308 1056 1444 1114 patri,

104 1131 175 1172 sed
196 1131 392 1171 omnibus
417 1131 656 1187 imperares.

160 1199 263 1242 LVI.
301 1201 386 1243 Nec
413 1215 581 1242 vereare
599 1215 649 1241 ne
670 1199 882 1241 inhonorae
909 1200 1153 1248 videantur,
1175 1211 1448 1255 quocumque

105 1271 381 1318 accesserint,
405 1269 588 1325 reliquiae
619 1269 906 1326 triumphales.
935 1269 1026 1312 Non
1049 1270 1129 1310 hoc
1151 1268 1278 1310 sentit
1299 1264 1415 1308 Italia
1435 1296 1444 1312 ‚

104 1355 194 1394 quae
223 1341 356 1381 claros
385 1339 584 1396 spectavit
626 1339 879 1395 triumphos,
909 1353 999 1394 quae
1023 1354 1043 1380 a
1072 1338 1262 1395 tyrannis
1294 1336 1446 1378 iterum

104 1409 300 1458 liberata,
334 1410 602 1450 concelebrat
630 1424 713 1449 suae
744 1409 948 1450 libertatis
976 1418 1197 1450 auctorem
1225 1424 1233 1448 τ
1261 1422 1344 1448 non
1368 1406 1448 1446 hoc

105 1479 506 1536 Constantinopolis,
541 1494 632 1534 quae
659 1480 845 1520 secundo
879 1481 929 1520 ad
955 1479 1174 1521 victoriam
1207 1477 1445 1535 principem

102 1551 213 1591 misit
237 1565 246 1591 :
273 1565 397 1606 quem
425 1565 522 1591 cum
548 1551 672 1591 vellet
695 1558 861 1595 tenere.
893 1565 977 1591 non
1008 1550 1156 1607 potuit.
1190 1547 1447 1605 Expectabat

103 1619 271 1674 quidem
289 1620 329 1660 in
347 1620 484 1661 reditu
504 1619 593 1675 ejus
616 1620 890 1676 triumphales
912 1620 1215 1667 solemnitates,
1238 1627 1279 1659 et
1302 1617 1443 1659 titulos

104 1689 372 1730 victoriarum
402 1704 411 1730 z
438 1689 685 1745 expectabat
711 1690 835 1731 totius
868 1691 980 1731 orbis
1008 1689 1307 1746 imperatorem
1325 1720 1335 1735 ‚
1372 1686 1445 1727 sti-

111 1765 254 1814 patum
282 1758 467 1799 exercitu
495 1758 726 1807 Gallicano,
755 1767 794 1800 et
820 1759 944 1801 totius
968 1761 1080 1801 orbis
1107 1758 1332 1800 subnixum
1360 1755 1451 1797 viri⁴

105 1830 198 1870 bus.
223 1828 306 1870 Sed
327 1844 440 1870 nunc
464 1829 548 1870 illic
567 1829 825 1871 Theodosius
847 1831 1074 1887 potentior,
1093 1844 1205 1871 nunc
1229 1826 1448 1885 gloriosior

105 1898 211 1940 redit
233 1913 386 1954 :quem
411 1899 669 1955 Angelorum
700 1909 868 1942 caterva
900 1901 1092 1949 deducit,
1120 1914 1245 1955 quem
1269 1897 1448 1938 Sancto-

105 1983 198 2010 rum
222 1970 342 2010 turba
359 1970 639 2026 prosequitur.
657 1971 782 2012 Beata
800 1973 938 2028 plane,
959 1977 1052 2027 quae
1072 1969 1251 2027 paradisi
1269 1968 1449 2009 incolam

106 2038 279 2094 suscipis
296 2071 306 2087 ,
338 2047 379 2080 et
408 2039 688 2082 habitatorem
727 2056 916 2097 supernae
941 2041 1048 2083 illius
1073 2037 1252 2081 civitatis
1276 2043 1450 2092 augusto

107 2108 256 2164 sepulti
278 2109 464 2164 corporis
489 2109 650 2151 tenebis
671 2110 865 2167 hospitio.

155 2208 162 2222 ¹
180 2199 259 2230 Gen.
279 2210 331 2234 νιι,
349 2200 399 2230 50.
