1774 3158
395 232 446 259 DE
480 231 572 258 1³11)ss
606 230 970 264 nesunnucwoms,
1007 232 1085 258 mn.
1123 233 1165 259 1¹.
1405 236 1454 275 77

119 309 190 351 sed
211 308 299 349 Deo
323 306 576 348 sacrificium
596 305 816 352 efferatum
837 308 1011 362 eoquod
1035 308 1074 348 in
1097 308 1184 365 ipso
1202 307 1284 349 fine
1304 309 1459 351 hebdo-

117 377 249 420 madis
268 408 277 423 ‚
303 376 417 432 quasi
446 376 590 416 mundi
622 375 823 423 sabbato,
845 376 1041 432 spiritalia
1075 393 1095 417 a
1122 379 1240 419 nobis
1260 394 1343 420 non
1368 394 1458 421 car-

113 447 219 490 nalia
245 460 370 502 opera
396 445 651 501 flagitantur.
679 446 805 496 Quod
830 446 941 486 enim
971 448 1160 494 carnale,
1183 449 1346 497 servile;
1365 451 1457 505 quia

118 517 257 559 animo
289 530 385 557 caro
411 515 535 557 servit.
556 529 565 556 :
586 515 766 557 liberum
796 530 893 558 vero
924 515 1164 558 innocentia
1185 518 1310 567 facit,
1337 522 1458 577 culpa

110 588 398 630 vernaculum.

174 655 261 697 CX.
300 655 500 712 Oportuit
523 654 648 711 igitur
670 670 745 711 per
765 657 979 710 speculum
1002 655 1101 696 etin
1124 655 1342 713 :enigmate
1373 658 1461 700 fieri

115 726 312 782 spiritalia
333 741 341 766 :
359 725 503 767 «Nune
521 725 631 766 enim
649 740 724 781 per
742 726 959 782 speculum
979 725 1185 773 videmus,
1206 735 1305 768 tunc
1324 737 1463 770 autem

116 795 249 836 »facie
279 797 330 836 ad
359 793 548 835 saciem1.
567 793 716 835 »Nunc
744 795 978 835 secundum
1011 809 1181 835 carnem
1210 796 1461 845 militamus,

117 874 218 906 tunc
244 865 392 921 spiritu
416 863 652 905 videbimus
673 863 810 905 divina
839 863 1051 920 mysteria.
1083 864 1134 904 Et
1159 863 1251 905 ideo
1275 881 1380 906 verse
1404 869 1465 907 le-

117 937 176 992 gis
202 936 419 977 character
447 935 486 976 in
516 935 666 977 uostris
696 935 881 976 moribus
916 935 1197 992 exprimatur,
1222 937 1290 991 qui
1317 937 1356 977 in
1390 938 1464 978 Dei

119 1007 380 1048 ambulamus
400 1005 598 1062 imagiue;
619 1005 814 1061 quoniam
833 1005 918 1062 jam
938 1005 1057 1061 Legis
1074 1006 1222 1047 umbra
1243 1008 1431 1048 transisit
1454 1025 1461 1047 :

118 1077 267 1118 umbra
289 1076 447 1117 Judaeis
470 1075 708 1116 carnalibus
724 1108 733 1122 ‚
755 1075 891 1131 imago
912 1075 1035 1116 nobis
1050 1106 1060 1123 ,
1084 1075 1236 1116 veritas
1254 1091 1467 1117 resurree-

118 1147 234 1187 turis.
262 1146 356 1187 Tria
378 1145 488 1186 enim
512 1145 601 1187 haec
630 1145 861 1186 secundum
882 1145 1034 1202 Legem
1058 1161 1148 1187 esse
1170 1148 1459 1203 cognoviums,

118 1216 339 1264 umbram,
365 1216 586 1271 imaginem
603 1248 613 1263 ,
638 1215 856 1256 veritatem
886 1230 894 1255 :
921 1215 1117 1255 umbram
1142 1214 1183 1256 iu
1203 1215 1337 1272 Lege,
1363 1217 1467 1258 ima-

119 1288 256 1343 ginem
294 1287 333 1326 in
368 1286 591 1342 Evangelio
613 1318 623 1333 ,
654 1286 872 1326 veritatem
906 1285 947 1326 iu
982 1285 1154 1340 judicio.
1196 1285 1280 1327 Sed
1313 1286 1466 1329 Christi

119 1358 258 1399 omnia
275 1388 285 1404 ,
311 1365 352 1397 et
375 1357 412 1397 in
439 1355 605 1397 Christo
632 1356 769 1397 omnia
788 1388 797 1404 ‚
824 1371 948 1411 quem
974 1369 1088 1396 nunc
1110 1356 1342 1397 secundum
1368 1358 1469 1399 veri-

120 1436 247 1468 tatem
263 1426 404 1467 videre
422 1441 503 1466 non
523 1440 743 1482 possumus
765 1441 773 1466 :
795 1424 865 1466 sed
882 1425 1071 1466 videmus
1089 1425 1205 1481 quasi
1225 1425 1264 1466 in
1286 1428 1466 1481 quadam

120 1496 299 1552 imagine
328 1496 584 1542 futurorum,
619 1510 797 1551 quorum
831 1495 1025 1535 umbram
1057 1494 1097 1535 in
1122 1494 1231 1551 Lege
1255 1497 1466 1553 perspexi-

119 1582 224 1608 mus.
254 1565 362 1622 Ergo
385 1565 575 1607 Christus
597 1581 680 1607 non
711 1566 858 1607 umbra
874 1598 883 1613 ,
913 1566 986 1606 sed
1007 1565 1144 1622 image
1165 1566 1241 1607 Dei
1263 1582 1271 1606 :
1294 1581 1377 1608 non
1401 1583 1468 1608 va-

121 1651 198 1679 cua
229 1636 385 1693 imago,
418 1637 490 1677 sed
522 1637 687 1678 veritasA
713 1637 764 1677 Et
792 1636 886 1677 ideo
921 1632 1203 1693 per'Moysen
1238 1636 1347 1684 Lex3
1373 1639 1468 1694 quia

119 1708 268 1749 umbra
295 1723 369 1764 per
396 1706 634 1755 hominem,
669 1706 802 1764 figura
830 1722 906 1763 per
927 1706 1103 1762 Legem,
1127 1721 1202 1763 per
1231 1706 1375 1748 Jesum
1399 1723 1464 1749 ve-

119 1778 262 1820 ritas².
290 1777 433 1834 Neque
461 1777 572 1819 enim
601 1777 749 1819 veritas
778 1777 966 1825 aliunde,
997 1776 1075 1819 nisi
1101 1792 1151 1818 ex
1177 1778 1350 1820 veritate
1373 1793 1471 1836 pro-

122 1851 305 1891 cederet.

182 1920 289 1962 CXI.
327 1919 369 1960 Si
388 1919 480 1975 quis
500 1934 599 1975 ergo
615 1918 723 1960 hane
742 1917 967 1974 imaginem
981 1917 1056 1960 Dei
1079 1917 1219 1959 videre
1243 1919 1468 1967 desiderat,

126 1991 252 2033 debet
278 1990 451 2047 diligere
474 1991 638 2038 Deum,
666 2001 712 2031 ut
736 1989 930 2045 diligatur
955 2004 974 2030 a
993 1988 1082 2030 Deo
1108 2003 1116 2028 :
1142 1997 1183 2029 et
1207 1989 1258 2030 sit
1282 1989 1364 2045 jam
1389 2005 1471 2032 non

126 2077 296 2110 servus,
332 2061 403 2103 sed
431 2061 611 2108 amicus,
648 2060 718 2115 qui
749 2061 948 2101 mandata
979 2060 1055 2100 Dei
1080 2059 1245 2107 feeerit3
1269 2068 1315 2101 ut
1346 2062 1474 2117 possit

124 2133 298 2174 introire
321 2133 361 2174 in
384 2132 540 2174 nubem
558 2131 590 2179 ³,
611 2130 684 2171 ubi
702 2138 762 2172 est
779 2131 905 2173 Deus.
929 2131 1021 2187 Ipse
1040 2129 1163 2172 faciat
1188 2131 1265 2171 sibi
1287 2132 1473 2173 rationa-

122 2204 227 2245 biles
253 2203 371 2244 tubas
396 2203 496 2243 (luas
522 2201 697 2243 ductiles
729 2210 899 2258 argento
929 2201 1105 2258 probato
1122 2234 1130 2249 ,
1158 2201 1240 2242 hoc
1263 2211 1348 2250 est,
1376 2218 1473 2259 prc-

125 2275 230 2316 tioso
255 2275 382 2315 verbo
411 2273 661 2330 compositas
693 2281 736 2313 et
767 2271 979 2320 ornatas&
1009 2272 1160 2327 quibus
1192 2286 1275 2313 non
1298 2287 1474 2314 raucum

123 2347 366 2402 increpans,
392 2343 565 2386 terribili
591 2343 729 2384 sonitu
759 2358 951 2384 murmur
973 2342 1267 2398 interstrepat,
1301 2345 1373 2384 sed
1403 2360 1474 2385 su·

124 2416 274 2458 hlimes
300 2415 440 2471 gratiae
458 2414 547 2456 Deo
567 2413 765 2455 continua
782 2412 1031 2468 jubilatione
1051 2411 1292 2454 fundantur.
1314 2412 1477 2454 Talium

127 2485 239 2528 enim
256 2485 455 2526 tubarum
478 2483 618 2526 sonitu
635 2483 791 2526 mortui
810 2483 1068 2525 suscitantur
1084 2516 1093 2531 ,
1115 2497 1198 2524 non
1221 2483 1383 2539 crepitu
1402 2483 1477 2525 uti-

174 2586 185 2603 x
207 2587 218 2607 1
239 2577 318 2608 Gor.
341 2587 414 2614 xm,
439 2585 542 2606 12.—
559 2584 570 2599 ²
587 2575 790 2617 Joan.1,17·
812 2591 852 2598 —
870 2576 882 2598 ³
901 2573 1006 2606 Exod.
1031 2584 1117 2613 mv,
1138 2576 1186 2605 15.
1203 2592 1242 2598 —-
1258 2577 1270 2600 ⁴
1287 2573 1382 2605 Num.
1401 2586 1432 2613 x,
1454 2585 1478 2606 ι.
