1774 3158
465 245 748 274 EPlSTOLARUM
782 244 938 273 CLASSIS
970 246 997 273 ι.
1347 236 1425 292 189

81 322 259 364 exuisset
278 320 436 379 «loseph
461 330 614 363 vestem
629 355 640 370 ,
659 337 738 378 qua
758 322 1003 371 tenebatur;
1026 338 1078 366 ne
1102 334 1274 368 exueret
1291 328 1423 369 amic-

80 400 168 434 tum
201 392 468 439 humilitatis,
500 392 794 434 indumentum
821 392 1005 449 pudoris.

137 460 276 504 XXII.
313 461 442 504 Scivit
464 461 589 518 igitur
607 461 841 510 humiliari,
860 463 930 518 qui
952 463 1193 507 humiliatus
1216 475 1426 525 estusque

82 530 133 572 ad
154 545 388 579 carcerem;
414 539 455 572 et
477 545 573 572 cum
609 531 831 573 sustineret
859 533 1111 574 calumniam
1129 567 1138 581 ,
1170 536 1317 579 maluit
1347 537 1424 580 cri·

79 615 174 642 men
195 601 342 642 falsum
361 601 502 643 subire
516 633 524 648 ,
547 616 671 657 quam
690 616 834 643 verum
856 602 1027 645 referre.
1051 603 1202 653 Scivit‚
1226 607 1394 663 inquam
1413 643 1422 658 ,

79 672 304 721 humiliari,
328 673 422 729 quia
436 672 739 714 humiliabatur
762 687 838 729 pro
862 673 1027 716 virtute.
1057 675 1365 720 Humiliabatur
1382 680 1422 722 in

70 751 178 804 Q
209 742 324 798 ejus,
349 742 418 798 qui
447 757 489 783 se
513 750 603 783 erat
636 741 934 784 humiliaturus
952 782 955 784 ,
973 759 1104 800 usque
1127 747 1179 786 ad
1214 756 1392 790 mortem
1410 782 1419 796 ,
1440 752 1446 758 “
1467 765 1469 770 ·

77 820 256 853 mortem
281 819 420 853 autem
450 811 586 853 crucis
609 826 618 851 ε
645 812 715 867 qui
736 820 935 854 venturus
957 822 1068 862 erat,
1096 823 1142 855 ut
1169 816 1294 857 vitam
1316 818 1424 860 hanc

78 882 129 924 de
165 897 313 923 somno
354 882 645 930 resuscitaret3
673 891 714 924 et
751 883 961 925 somnium
995 899 1084 926 esse
1116 886 1229 927 hunc
1261 888 1423 930 vivendi

75 966 194 992 usum
217 953 415 1000 doceret,
438 953 479 993 in
498 967 580 1008 quo
599 952 770 994 diversae
798 955 1179 996 commutationum
1206 957 1314 999 vices
1335 967 1423 1000 tan·
1460 974 1469 979 ‘

74 1036 199 1076 quam
232 1021 383 1069 ebriae3
412 1029 454 1063 et
488 1021 591 1063 nihil
630 1022 837 1070 solidum,
863 1022 966 1063 nihil
999 1021 1192 1073 firmum,
1225 1035 1421 1083 tanquam

76 1090 319 1132 dormientis
347 1090 556 1132 somnium
582 1091 768 1132 videntes
791 1106 874 1132 non
896 1092 1116 1141 videmus,
1142 1103 1183 1135 et
1209 1097 1422 1139 audientes

74 1175 159 1201 non
181 1160 397 1208 audimus,
421 1169 461 1201 et
489 1161 792 1201 manducantes
816 1175 900 1202 non
926 1161 1143 1210 satiamur,
1169 1167 1423 1220 gratulantes

74 1245 157 1272 non
194 1232 478 1286 gratulamur,
510 1238 727 1271 currentes
755 1244 838 1271 non
873 1231 1153 1286 pervenimus.
1185 1227 1308 1276 Viin'ae
1331 1252 1422 1293 spes

75 1299 296 1341 hominum
320 1300 359 1340 in
387 1299 466 1341 hoc
490 1301 642 1341 saeculo
660 1332 670 1347 ‚
697 1299 768 1355 qui
788 1314 835 1341 ea
860 1315 952 1356 quae
976 1314 1058 1342 non
1081 1311 1203 1350 sunt,
1226 1313 1421 1361 tanquam

74 1384 165 1426 quae
188 1369 291 1417 sint,
321 1371 533 1426 sequenda
558 1369 829 1410 arbitrentur.
862 1369 1007 1425 Itaque
1043 1370 1186 1413 inanes
1220 1382 1261 1414 et
1287 1390 1423 1418 vacuae

74 1454 215 1480 rerum
241 1440 399 1496 species
429 1447 627 1494 tanquam
662 1439 703 1480 in
735 1439 897 1480 somnio
925 1450 1158 1490 venerunt,
1190 1443 1384 1486 abierunt
1411 1461 1420 1487 :

75 1508 321 1557 astiterunt,
342 1516 616 1550 evanuerunt.
640 1508 912 1550 Circumfusze
937 1516 977 1549 et
997 1509 1191 1566 dispersae
1220 1522 1337 1562 sunt,
1362 1523 1422 1556 te-

50 1580 163 1621 'neri
187 1579 401 1627 videntur,
422 1587 463 1621 et
490 1593 573 1620 non
597 1586 808 1620 tenentur.
835 1578 1028 1634 Denique
1058 1581 1130 1638 u-lgi
1148 1582 1238 1637 quis
1267 1586 1424 1629 audivit
1456 1585 1485 1605 ‘¹'
1511 1577 1538 1591 ⁸*
1579 1572 1600 1576 ..

75 1650 285 1691 dicentem
321 1664 329 1690 :
373 1666 388 1686 α
420 1648 577 1706 Surge,
603 1648 674 1705 qui
703 1648 908 1697 dormis'‚
935 1667 949 1686 »
978 1658 1019 1691 et
1047 1651 1097 1691 de
1131 1654 1271 1695 saecnli
1306 1654 1422 1697 istius

74 1733 221 1760 somno
244 1718 474 1766 exurrexit,
500 1718 599 1760 salsa
619 1718 708 1760 haec
726 1718 930 1759 intellexit
949 1719 1112 1761 omnia:
1134 1722 1358 1779 evigilavit,
1381 1735 1421 1767 et

73 1789 177 1845 sugit
194 1789 403 1831 somnium
415 1789 540 1846 ,sugit
558 1797 739 1845 potestas
754 1821 764 1837 ‚
781 1789 881 1830 abiit
894 1804 994 1831 cura
1010 1791 1264 1847 patrimonii,
1280 1794 1423 1838 formae

73 1868 267 1901 venustas
281 1892 291 1908 ,
314 1859 522 1901 honorum
541 1859 742 1900 studium.
763 1859 860 1900 Haec
878 1859 990 1901 enim
1010 1862 1168 1903 somnia
1189 1873 1309 1911 sunt,
1330 1867 1423 1921 qui-

73 1931 150 1973 hus
184 1946 267 1972 non
300 1939 546 1979 moventur,
571 1929 640 1987 qui
666 1930 837 1987 vigilant
871 1931 1028 1972 corde:
1060 1933 1135 1974 sed
1167 1933 1422 1979 dormientes

73 2002 351 2057 exagitantur.

133 2071 291 2114 XXIII.
331 2069 638 2130 Yfflturhunc
655 2085 890 2113 sermonem
909 2087 1050 2114 meum
1067 2074 1415 2133 sanctusJoseph,
1466 2070 1496 2107 ἕξ

74 2158 158 2185 non
185 2157 274 2184 esse
296 2150 496 2198 perpetua
522 2155 598 2182 nec
623 2141 817 2183 diuturna
833 2174 842 2187 .
871 2157 961 2198 quse
984 2151 1081 2185 sunt
1102 2143 1228 2199 hujus
1253 2147 1391 2188 saeculi
1409 2181 1419 2196 ,

28 2215 35 2222 “
75 2212 145 2268 qui
167 2212 217 2253 ab
243 2211 359 2253 initio
384 2210 535 2253 nobilis
556 2226 730 2267 genere,
750 2226 878 2253 censu
902 2212 1038 2261 dives,
1063 2214 1201 2256 subito
1225 2214 1422 2272 ignobilis

75 2282 262 2323 servulus
292 2288 381 2328 est,
404 2288 445 2322 et
475 2281 612 2337 (quod
649 2280 780 2337 ipsam
810 2281 963 2323 servitii
990 2281 1191 2326 vilitatem
1224 2287 1418 2345 acerbat)

76 2351 291 2409 degeneris
311 2351 479 2392 Domini
511 2366 592 2392 aere
619 2360 809 2409 emptum
843 2353 1117 2410 mancipium.
1151 2354 1286 2399 Minus
1310 2360 1422 2402 enim

74 2424 155 2465 vile
194 2429 366 2478 putatur
396 2420 551 2462 servire
586 2421 720 2463 libero
747 2437 756 2463 :
794 2422 1032 2479 geminatur
1054 2434 1193 2468 autem
1218 2429 1417 2480 servitus,

76 2491 148 2534 uhi
170 2490 349 2534 servitur
368 2490 616 2535 vernaculis.
634 2491 787 2535 Servus
810 2492 935 2550 igitur
956 2508 1006 2537 ex
1026 2509 1179 2552 genere
1198 2499 1420 2557 praeclarO,

122 2592 129 2607 ¹
148 2582 267 2625 Ephes.
289 2592 319 2619 v,
341 2582 387 2620 ¹4·
