1774 3158
469 210 753 239 prs'roLAP-UM
786 210 946 240 cmssm
979 213 1006 241 1.
1339 204 1425 260 429

81 382 1065 397 §summmwtsssmmmwummw-mmm
1072 386 1126 398 §u
1132 386 1436 403 §mmmmm

475 512 738 557 EPISTOLA
775 512 967 557 XXXIII
991 514 1023 556 ¹.

85 661 253 705 Irenoeo
274 661 419 703 vereri
452 675 494 701 se
516 676 570 701 ne
603 659 700 714 quis
724 674 779 700 eae
803 659 892 700 loco
924 658 1169 716 Scripturae
1191 662 1241 703 de
1263 663 1433 706 duabus

142 731 352 773 uxoribus
373 731 482 772 duas
507 732 553 771 in
575 730 723 771 eodem
755 728 932 770 homine
950 732 1128 772 animas
1144 747 1229 773 esse
1250 733 1436 775 arbitre-

146 812 218 842 tur
232 834 242 850 ,
291 798 595 859 signifieanei;
637 799 791 841 scribit
836 801 991 842 varias
1036 800 1201 843 ibidem
1240 803 1438 845 indicari

142 871 572 924 animaequalcfcaccs;
595 871 643 910 in
661 869 850 911 amabili
865 871 986 911 enim
1004 871 1207 913 animam
1217 874 1437 930 voluptati

140 941 336 982 deditam
356 939 638 987 adumbrari,
661 940 711 979 in
734 939 892 981 odibili
913 955 1016 981 vero
1034 944 1270 985 severiores
1291 944 1438 985 virtu-

140 1021 199 1053 tes
221 1021 565 1053 consectantem:
609 1010 743 1065 hujus
778 1020 926 1052 autem
956 1013 1089 1054 unius
1117 1014 1436 1071 primogenitos

132 1097 216 1124 esse
233 1097 334 1123 cam
355 1098 408 1124 ex
428 1082 566 1123 altero
590 1082 696 1130 coeo,
721 1091 815 1123 tum
835 1098 888 1124 ex
909 1098 956 1124 eo
973 1084 1108 1125 etiam
1125 1086 1201 1139 qui
1218 1085 1306 1142 fait
1322 1101 1428 1142 pro—

135 1153 319 1208 positus,
347 1152 555 1209 intelligi.

423 1314 671 1357 Ambrosius
703 1315 861 1356 Irenaeo
894 1316 1085 1359 salutem.

903 1396 915 1413 ἱ

138 1454 168 1496 Ι.
208 1453 436 1496 ΞυΡΕΒιοΒΕ
459 1453 632 1510 epistola
651 1453 893 1509 scripsimus
925 1455 1185 1497 liberandam
1211 1458 1260 1498 al)
1291 1459 1432 1501 adver-

81 1527 197 1569 sariis
234 1526 415 1568 animam
452 1534 661 1572 nostram,
705 1532 869 1566 etcum
903 1540 950 1567 ea
988 1526 1306 1569 indissociabilis
1345 1531 1435 1572 vitae

81 1598 346 1640 subeundum
375 1594 648 1637 consortium.
677 1594 728 1635 Et
746 1593 840 1650 quia
864 1595 1091 1637 sermoiste
1112 1597 1234 1639 nobis
1255 1599 1306 1640 de
1321 1599 1436 1640 Dea·
1482 1623 1489 1628 —

81 1666 315 1710 teronomio
336 1666 575 1721 exemplum
593 1662 816 1719 assumpsit
834 1664 1070 1706 assertionis
1091 1681 1174 1707 suae
1193 1665 1226 1714 ²,
1253 1682 1335 1724 quo
1354 1669 1435 1711 loci

81 1737 321 1793 subjectum
353 1743 415 1777 est
438 1736 489 1776 de
517 1735 604 1776 viro
627 1766 638 1782 ,
674 1733 744 1790 qui
770 1734 871 1774 duas
904 1749 1054 1776 uxores
1078 1735 1285 1785 habehat,
1311 1754 1438 1781 unam

81 1808 297 1855 odibilem,
322 1807 494 1848 alteram
517 1804 738 1846 amabilem
755 1834 765 1851 ‚
791 1818 875 1844 non
900 1804 1187 1860 perfunctorie
1211 1817 1351 1850 motus
1375 1810 1437 1850 vi-

81 1880 212 1927 deris,
235 1893 289 1920 ne
309 1877 417 1921 sorte
447 1878 548 1919 duas
591 1876 748 1917 animas
781 1875 907 1916 istum
937 1876 1015 1917 sibi
1047 1878 1241 1921 ascivisse
1283 1880 1431 1937 aliquis

81 1950 284 2008 intelligat
310 1964 319 1990 z
344 1950 458 2005 quod
484 1946 576 1989 fieri
603 1960 867 2003 nequaquam
894 1954 1048 2003 potest.

138 2020 192 2063 ΙΙ.
231 2019 385 2062 Verum
404 2019 490 2075 ipse
523 2032 607 2059 non
631 2017 795 2074 ignoras
830 2017 945 2073 quod
981 2017 1193 2060 interdum
1218 2019 1436 2077 Scriptura

82 2108 179 2135 cum
203 2089 442 2148 allegoriam
456 2089 573 2136 dicit,
605 2088 679 2130 alia
706 2088 758 2129 ad
782 2087 966 2144 speciem
1003 2087 1234 2146 Synagogoe
1253 2124 1262 2138 ‚
1285 2092 1360 2132 alia
1386 2094 1438 2135 ad

81 2163 278 2210 Ecclesiae
315 2161 443 2204 refert
469 2175 478 2201 ε
506 2160 585 2202 alia
619 2159 670 2202 ad
717 2158 922 2209 animam,
949 2158 1026 2200 alia
1054 2161 1105 2201 acl
1128 2159 1254 2203 Verbi
1277 2173 1437 2218 myste-

82 2235 221 2276 rium:
252 2233 328 2275 alia
365 2233 417 2274 ad
440 2230 622 2273 diversas
658 2229 818 2287 species
852 2236 894 2270 et
924 2229 1141 2285 qualitates
1167 2231 1402 2274 animarum
1427 2249 1436 2273 :

81 2320 173 2362 quae
200 2302 415 2352 discernit,
446 2301 517 2358 qui
543 2300 750 2355 dijudicat
772 2298 935 2357 spiritu.
965 2299 1086 2342 Unde
1107 2302 1297 2357 sequenti
1324 2304 1439 2360 capi-

82 2378 170 2419 tulo
190 2375 310 2431 Legis
333 2389 418 2416 non
442 2373 544 2416 duas
570 2372 746 2420 animas,
772 2371 846 2413 sed
874 2369 1054 2412 diversas
1069 2372 1289 2427 qualitates
1311 2375 1436 2416 unius

84 2446 232 2490 animae
267 2443 595 2503 comprehensas
629 2458 720 2486 esse
754 2441 947 2485 arbitror.
990 2440 1064 2484 Est
1096 2441 1209 2486 enim
1252 2444 1438 2487 amabilis

131 2559 139 2574 ι
163 2548 288 2592 Scripta
304 2547 389 2581 circa
405 2557 480 2580 ann.
495 2547 569 2590 587.
583 2564 623 2572 --
640 2555 652 2573 ·
674 2545 772 2579 Deut.
787 2556 854 2582 xxi,
873 2544 922 2577 16.
