1774 3158
295 222 379 265 306
844 234 876 261 s.
918 234 1113 262 AMBRosu

289 315 431 357 cibum
457 314 508 354 de
525 311 715 354 sentibus
738 311 847 368 rapit
868 327 877 354 :
902 314 975 355 sed
995 327 1171 370 operum
1192 314 1285 355 laeta
1304 313 1487 357 felicium
1503 348 1514 365 ‚
1542 315 1644 359 dum

290 400 445 428 messes
468 398 561 425 suas
583 392 624 424 et
647 383 732 440 ipsa
755 382 955 431 miratur,
991 383 1172 440 explevit
1202 384 1288 426 voti
1323 385 1511 428 satietate
1539 386 1643 444 jeju-

290 458 407 498 nium
426 471 435 496 :
457 454 667 496 usurarios
691 453 811 495 nobis
829 454 1013 496 reddidit
1029 461 1138 496 terra
1159 463 1399 511 proventus.
1510 490 1512 492 ,
1538 481 1560 499 .›

349 526 511 570 XXIII.
550 525 655 576 Quis
668 539 766 581 ergo
784 532 869 566 tam
887 538 1019 566 novus
1039 524 1234 566 humanis
1259 524 1402 568 usibus
1426 526 1538 569 vices
1558 536 1643 570 stu-

290 607 386 657 peat
412 596 651 639 annorum?
670 596 722 638 Et
745 604 885 637 tamen
908 595 1034 637 etiam
1056 594 1274 652 superiore
1288 610 1397 638 anno
1423 598 1642 654 plerasque

287 669 482 711 novimus
503 666 740 723 provincias
758 665 1018 707 redundasse
1045 664 1267 706 fructibus.
1297 665 1361 707 De
1383 665 1526 708 Galliis
1540 668 1643 723 quid

288 741 438 794 loquar
454 737 575 779 solito
595 734 846 777 ditioribus?
863 735 1144 777 Frumentum
1162 733 1386 776 Pannonia:
1401 767 1411 783 ,
1428 737 1541 791 quod
1556 750 1641 777 non

288 816 504 855 severant,
530 805 811 847 vendiderunt
837 821 846 846 :
871 814 912 846 et
935 805 1119 847 secunda
1145 804 1293 846 Rhetia
1317 805 1539 847 fertilitatis
1558 820 1641 847 suae

287 881 403 923 novit
426 878 647 925 invidiam3
676 892 772 917 nam
797 891 888 932 quae
911 877 1072 917 solebat
1096 876 1226 917 tutior
1248 891 1337 917 esse
1363 876 1544 932 jejumo,
1572 877 1641 918 soe·

287 951 502 994 cunditate
525 949 688 990 hostem
718 947 757 987 in
781 962 823 988 se
851 947 1045 989 excitavit
1071 961 1079 988 :
1119 946 1331 1002 Liguriam
1362 947 1642 1004 Venetiasque

285 1021 474 1063 autumni
508 1018 718 1060 frumenta
742 1025 960 1073 paverunt.
989 1017 1099 1072 Ergo
1125 1032 1204 1058 nec
1228 1018 1296 1058 ille
1320 1017 1540 1074 sacrilegio
1567 1033 1638 1059 an-

283 1108 361 1134 nus
383 1089 571 1136 exaruit,
595 1096 636 1129 et
661 1087 738 1128 iste
757 1086 854 1128 fidei
874 1086 1080 1127 fructibus
1106 1102 1239 1128 annus
1262 1087 1459 1128 essloruit.
1481 1087 1642 1144 Negent

285 1163 413 1205 etiam
450 1160 564 1216 quod
598 1159 713 1214 largo
744 1157 848 1198 foetu
872 1156 1002 1197 vineae
1040 1157 1381 1198 redundaverint.
1423 1157 1567 1213 Itaque
1600 1164 1642 1198 et

284 1246 465 1274 messem
503 1230 750 1271 soeneramm
787 1225 1050 1283 recepimus,
1077 1235 1119 1268 et
1148 1226 1399 1268 liberalioris
1420 1227 1642 1269 vindemiae

282 1301 488 1346 beneficia
511 1299 785 1357 possidemus.

338 1371 497 1417 XXIV.
523 1372 764 1413 Postremus
791 1376 982 1425 superest
1000 1375 1041 1408 et
1063 1368 1269 1410 maximus
1286 1369 1421 1417 locus,
1436 1377 1579 1410 utrum
1593 1384 1642 1411 ea

282 1461 373 1502 quae
401 1443 516 1486 vobis
540 1438 1101 1498 profuerint,Imperatores‚
1117 1439 1338 1480 restituere
1363 1439 1544 1482 subsidia
1566 1441 1640 1480 de-

280 1515 428 1562 beatis;
446 1514 500 1554 ait
514 1512 625 1553 enim
642 1509 739 1552 :Vos
755 1509 995 1557 defendant,
1014 1523 1034 1549 a
1047 1508 1168 1550 nobis
1185 1509 1490 1552 colantur.Iloc
1501 1521 1580 1561 est,
1595 1512 1641 1555 fi—

282 1583 479 1628 delissimi
498 1581 731 1637 Principes,
751 1580 866 1635 quod
882 1579 991 1619 ferre
1006 1593 1090 1619 non
1115 1593 1361 1634 possumus3
1382 1580 1477 1635 quia
1490 1597 1641 1639 expro-

282 1658 403 1699 brant
427 1654 547 1696 nobis
570 1660 710 1694 vestro
739 1665 781 1692 se
807 1649 979 1691 nomine
1004 1648 1080 1689 diis
1103 1648 1187 1689 suis
1205 1649 1460 1705 supplicare,
1474 1654 1640 1696 etvobis

271 1743 357 1770 non
375 1723 689 1769 mandantibus,
709 1719 975 1776 sacrilegium
997 1719 1181 1761 immane
1204 1720 1494 1770 committunt,
1525 1724 1641 1766 dissi·

278 1799 555 1841 mulationem
591 1809 668 1851 pro
701 1807 909 1835 consensu
956 1791 1295 1848 interpretantes.
1331 1791 1418 1834 Sibi
1455 1793 1639 1837 habeant

279 1868 469 1926 praesidia
488 1881 560 1907 sua
581 1880 590 1906 :
612 1878 708 1906 suos
725 1897 734 1913 ,
769 1862 802 1904 si
825 1870 1024 1919 possunt,
1049 1861 1116 1902 illa
1141 1860 1382 1904 defendant.
1406 1863 1509 1906 Nam
1534 1865 1567 1906 si
1590 1864 1638 1907 iis

279 1955 299 1981 a
324 1940 475 1997 quibus
500 1938 702 1979 coluntur
725 1966 736 1982 ,
767 1932 922 1975 anxilio
951 1946 1040 1972 esse
1085 1946 1167 1972 non
1191 1940 1392 1988 possunt,
1425 1935 1638 1989 quomodo

276 2016 456 2068 possunt
478 2022 549 2049 vos
574 2004 825 2050 defendere,
849 2017 869 2043 a
899 2001 1052 2058 quibus
1070 2016 1153 2042 non
1174 2001 1403 2042 coluntur?

339 2077 475 2122 XXV.
499 2075 581 2119 Sed
605 2074 816 2130 majorum
834 2071 1014 2127 ,inquit,
1041 2072 1273 2111 servandus
1296 2078 1358 2111 est
1381 2070 1499 2113 ritus.
1523 2071 1639 2123 Quid

279 2150 396 2206 quod
414 2147 554 2189 omnia
568 2143 761 2202 posteain
775 2141 924 2182 melius
937 2139 1230 2197 profecerunt?
1244 2140 1452 2182 Mundus
1443 2156 1545 2198 ipse,
1567 2141 1642 2198 qui

285 2221 351 2262 vel
400 2218 583 2275 piimum
607 2213 765 2299 coactis
801 2212 1109 2253 elementoium
1131 2226 1205 2267 per
1228 2211 1350 2251 inane
1334 2211 1600 2292 ...seminibus
1623 2243 1636 2261 ,

286 2364 341 2405 ris
360 2360 566 2418 caligabat
573 2321 779 2403 horror-e3
802 2369 943 2395 nonne
965 2362 1110 2410 postea
1129 2353 1325 2395 distincto
1348 2318 1468 2402 coefi,
1493 2354 1635 2402 maris,

288 2419 581 2485 terrarumque
604 2424 873 2473 discrimine,
904 2437 1046 2465 rerum
1067 2423 1222 2465 formas
1247 2423 1400 2479 quibus
1425 2424 1638 2481 speciosus

282 2503 472 2552 videtur,
507 2492 705 2556 accepit?
740 2496 886 2538 Exutae
930 2493 1207 2537 humentibus
1251 2494 1437 2537 tenebris
1482 2509 1638 2538 novum

1772 1482 1774 1561 Ξ

1770 1567 1774 1611 ι’

1770 1639 1774 1699 ἓ

1769 1702 1774 1738 ÷

1769 1745 1773 1788 l

1769 1813 1771 1830 Ι

1767 1910 1770 1924 l
