1774 3158
293 200 380 252 446
832 210 866 244 s.
905 209 1097 245 munosu

291 292 428 350 phetae
451 288 647 347 gemituS,
668 287 778 330 hene
806 286 1051 338 ineffabilis,
1083 288 1179 344 quia
1211 289 1405 331 coelestis.
1439 289 1497 333 Ea
1527 290 1641 334 enim

292 378 385 420 quae
404 362 445 403 in
469 361 575 403 eoelo
594 359 750 402 audivit
768 357 936 408 Paulus,
962 358 1187 402 ineffabilia
1206 359 1386 402 audivit¹
1409 394 1418 408 ‚
1438 369 1485 402 ut
1500 360 1577 403 sari
1594 375 1642 407 ea

292 433 486 476 homines
509 446 594 473 non
621 430 803 473 debeant
825 446 834 472 ε
855 432 929 474 sed
949 446 1042 487 quae
1067 432 1234 473 occulta
1260 430 1523 481 hominibus.
1554 432 1642 475 Deo

295 513 393 546 nota
420 511 532 545 sunt.
562 501 686 545 Novit
712 501 826 544 enim
848 502 1006 551 omnia,
1033 502 1104 558 qui
1129 510 1337 544 scrutator
1358 511 1421 544 est
1442 502 1605 545 cordis²
1630 518 1639 544 :

296 574 370 616 sed
385 574 452 615 illa
470 579 697 621 scrutatur,
719 586 810 628 quae
825 572 1044 614 mundavit
1061 571 1254 629 Spiritus.
1278 572 1401 614 Novit
1416 588 1515 630 ergo
1531 573 1642 616 Deus

299 644 399 700 quid
421 643 604 700 postulet
625 641 820 699 Spiritus,
845 651 887 684 et
908 657 1000 699 quae
1023 641 1202 699 Spiritus
1227 642 1428 699 sapientia
1451 643 1527 690 sit3
1552 657 1643 699 quae

298 715 538 772 interpellat
563 727 639 770 pro
661 712 832 761 sanctis,
853 712 962 755 sicut
983 712 1112 754 habes
1132 727 1141 753 :
1159 730 1174 751 α
1192 712 1301 764 Quia
1318 720 1360 754 et
1381 712 1559 770 Spiritus
1585 713 1644 754 in-

297 804 312 825 »
326 785 518 841 terpellat
543 799 620 841 pro
641 782 784 825 nobis³
802 800 814 832 3
835 798 938 840 »pro
967 783 1121 840 quibus
1148 783 1261 824 enim
1285 783 1477 825 Christus
1498 798 1644 840 passus

297 865 375 904 est,
401 864 442 897 et
463 870 567 912 quos
594 854 795 910 sanguiue
818 855 1037 896 mundavit
1058 869 1149 903 suo,
1173 869 1250 911 pro
1276 854 1324 895 iis
1346 854 1583 910 interpellat
1603 862 1646 895 et

299 926 494 984 Spiritus.
518 924 634 973 Vale,
654 931 696 965 et
712 938 791 966 nos
805 932 850 966 ut
864 923 975 967 filius
989 925 1137 982 dilige;
1158 925 1254 981 quia
1267 939 1344 967 nos
1361 933 1401 966 te
1416 923 1638 981 diligimus.

343 1037 354 1053 ¹
381 1036 398 1060 2
413 1029 492 1060 Cor.
512 1037 571 1068 ni,
587 1027 618 1065 4.
634 1045 676 1052 --
693 1036 706 1051 ²
724 1028 821 1059 Rom.
836 1038 911 1067 vin,
929 1039 979 1069 ²7·
994 1046 1034 1052 —-
1053 1029 1066 1051 3
1087 1027 1176 1059 lbid.
