1774 3158
278 228 296 240 ,v
316 227 324 236 u

275 241 326 269 O)
826 238 860 264 S.
900 237 1088 264 Amnnosll

275 316 377 372 quid
400 315 597 362 velimus,
623 315 687 355 vel
714 313 850 370 potius
882 314 984 369 quid
1013 313 1194 354 nolimus
1220 313 1373 354 dicere.
1404 311 1522 353 Unde
1546 310 1625 351 hoc

276 393 425 442 caput,
451 393 492 425 ct
514 385 652 425 vultus
676 383 752 424 iste
773 383 999 430 mirabilis,
1026 383 1146 437 cujus
1180 381 1383 424 artificem
1407 396 1490 422 non
1514 381 1628 421 vide-

279 471 388 503 mus,
429 469 531 511 opus
565 453 772 501 videmus,
803 454 843 494 in
874 453 986 494 varia
1016 453 1150 494 officia
1183 467 1365 508 ususque
1393 450 1630 493 formatur?

283 526 401 567 Unde
432 524 565 566 forma
595 524 789 571 erectior,
818 532 949 564 status
980 523 1198 570 excelsior,
1227 522 1403 566 faciendi
1429 521 1504 568 xis,
1539 536 1631 562 sen-

282 595 414 637 tiendi
451 594 665 646 vivacitas,
705 593 922 651 gradiendi
956 593 1157 635 facultas?
1188 593 1333 650 Ignota
1365 601 1478 634 certe
1514 592 1632 633 nobis

283 675 379 708 sunt
410 675 569 707 naturae
607 680 786 722 organa,
821 666 894 706 sed
927 672 1025 706 nota
1062 663 1305 706 ministeria.
1339 664 1388 705 Et
1422 673 1464 705 tu
1494 677 1636 704 semen

284 737 396 779 suisti
412 771 422 786 ,
449 747 490 778 et
512 745 632 778 tuum
659 751 811 792 corpus
837 750 980 776 semen
1002 742 1064 776 est
1085 734 1377 776 resurrecturi.
1407 733 1515 776 Audi
1536 734 1638 775 Pau-

284 810 389 854 lum,
416 814 458 847 et
483 806 595 847 disce
617 805 712 861 quia
736 820 879 846 semen
904 820 947 846 cs
969 820 978 846 t
997 821 1012 843 ι(
1029 803 1268 846 Seminatur
1286 804 1325 845 in
1348 803 1635 860 corruptione,

285 898 299 917 »
314 885 456 934 surget
475 877 514 918 in
533 876 852 933 incorruptione
870 891 878 917 ε
896 876 1126 918 seminatur
1140 875 1181 917 in
1200 875 1476 932 ignobilitate,
1498 885 1641 932 surget

268 938 297 988 v1›
313 948 354 989 in
376 947 783 1004 gloriaszseminatur
804 946 845 988 in
863 945 1121 994 infirmitate,
1149 955 1293 1003 surget
1316 946 1358 987 in
1380 946 1555 987 virtute:
1571 961 1635 987 se-

286 1018 500 1059 „minatur
525 1031 678 1073 corpus
710 1016 913 1065 animale,
943 1025 1085 1071 surget
1116 1031 1269 1072 corpus
1299 1014 1506 1073 spiritale¹
1532 1031 1540 1057 :
1562 1034 1576 1054 n
1592 1016 1643 1058 Et

288 1098 333 1131 tu
355 1104 454 1145 ergo
479 1087 697 1129 seminaris
722 1096 767 1128 ut
792 1096 941 1129 caetera
957 1121 967 1136 ‚
993 1087 1095 1144 quid
1127 1087 1291 1129 miraris
1320 1087 1354 1128 si
1385 1102 1575 1144 resurges
1600 1096 1645 1129 ut

289 1159 471 1202 caetera?
499 1158 583 1199 Sed
607 1158 675 1198 illa
704 1157 858 1206 credis,
887 1158 983 1214 quia
1008 1158 1145 1199 vides:
1162 1157 1239 1199 ista
1261 1172 1345 1198 non
1368 1158 1520 1205 credis,
1549 1159 1644 1214 quia

289 1245 375 1272 non
398 1229 513 1271 vides
532 1244 539 1269 :
558 1227 708 1270 «Beati
733 1227 803 1284 qui
827 1242 912 1269 non
936 1228 1149 1275 viderunt,
1168 1236 1209 1269 et
1226 1227 1539 1270 crediderunt².
1563 1246 1578 1267 ι)

349 1299 462 1342 LXI.
499 1299 658 1341 Tamen
689 1307 914 1355 antequam
943 1307 1110 1355 tempus
1146 1299 1310 1347 veniat,
1349 1315 1425 1341 nec
1457 1300 1523 1342 illa
1555 1314 1648 1342 crc-

295 1358 477 1417 duntur3
509 1384 591 1410 non
615 1368 726 1409 enim
749 1384 874 1410 omne
898 1377 1063 1426 tempus
1087 1370 1412 1411 accommodum
1442 1371 1493 1411 ad
1518 1386 1651 1413 resus-

293 1440 459 1482 citanda
490 1438 662 1480 semina.
702 1439 796 1480 Alio
833 1439 1018 1481 triticum
1053 1439 1298 1487 seminatur,
1335 1440 1412 1481 alio
1445 1440 1649 1483 nascitur:

297 1512 376 1553 alio
404 1510 494 1551 vitis
523 1510 745 1558 inseritur,
777 1510 856 1551 alio
886 1511 1141 1567 gemmantia
1163 1519 1372 1552 sarmenta
1395 1511 1648 1568 pubescunt,

296 1581 481 1623 luxuriat
498 1579 736 1637 pampinus,
763 1595 840 1621 uva
866 1580 1095 1622 formatur:
1111 1581 1191 1622 alio
1211 1583 1423 1638 plantatur
1441 1583 1548 1630 olea,
1574 1582 1653 1624 alio

297 1652 410 1693 velut
437 1651 526 1692 alvo
555 1651 689 1706 gravis
716 1659 757 1692 et
786 1660 934 1693 onusta
967 1652 1084 1708 prole
1112 1652 1342 1693 baccarum
1361 1685 1372 1702 ,
1401 1652 1562 1695 fructus
1591 1653 1654 1694 sui

297 1723 491 1765 ubertate
519 1721 741 1764 curvescit.
763 1721 873 1764 Ante
900 1737 998 1764 vero
1020 1737 1144 1778 quau]
1167 1737 1289 1764 suum
1313 1723 1466 1779 cuique
1493 1733 1655 1781 tempus

300 1793 521 1841 adveniat,
552 1793 702 1834 soetura
725 1793 957 1834 restrictior
981 1801 1066 1835 est:
1084 1808 1161 1834 nec
1190 1794 1470 1850 generationis
1491 1802 1657 1836 aetatem

301 1865 430 1907 habet
452 1864 492 1904 in
516 1871 724 1920 potestate
743 1863 974 1920 generandi
997 1864 1099 1920 ipsa,
1125 1878 1218 1918 quae
1240 1872 1422 1920 generat.
1453 1864 1573 1906 Nunc
1598 1864 1658 1905 in-

300 1936 480 1978 formem
505 1935 604 1984 situ,
630 1949 743 1976 nunc
764 1934 868 1976 soetu
888 1935 1062 1982 nudam,
1093 1948 1206 1974 nunc
1236 1933 1440 1976 virentem
1463 1934 1657 1984 floribus,

302 2021 417 2048 nunc
441 2014 629 2047 arentem
656 2006 787 2062 ipsam
811 2005 1001 2046 omnium
1026 2019 1172 2046 cernas
1189 2011 1422 2060 parentem.
1450 2005 1554 2056 Quae
1582 2006 1661 2048 uti-

303 2093 384 2134 que
416 2079 540 2119 vellet
569 2077 763 2118 omnibus
794 2091 838 2117 se
869 2077 1021 2117 vestire
1054 2075 1328 2133 temporibus,
1363 2090 1441 2117 nec
1473 2091 1659 2132 unquam

305 2163 429 2190 aurea
458 2155 648 2204 segetum
672 2155 743 2188 aut
765 2145 988 2187 viridantia
1017 2154 1234 2202 pratorum
1262 2145 1506 2187 indumenta
1537 2147 1660 2203 depo-

305 2235 405 2261 nere
421 2235 428 2260 :
444 2219 529 2276 ipsa
557 2218 619 2260 sui
643 2233 785 2273 egens,
810 2225 851 2259 et
868 2225 1150 2274 proventuum
1170 2230 1360 2266 suorum,
1380 2231 1471 2274 quae
1496 2217 1537 2258 in
1562 2218 1662 2259 alios

308 2290 595 2338 transfuderit,
621 2290 808 2332 indotata
832 2288 1105 2345 compendiis.

362 2360 491 2402 LXII.
528 2360 637 2417 Ergo
664 2369 706 2402 et
731 2368 916 2402 nostram
935 2359 1292 2402 resurrectionem
1313 2360 1389 2402 etsi
1415 2374 1500 2402 non
1523 2359 1661 2402 credis

304 2430 401 2478 fide,
427 2446 511 2472 non
537 2431 673 2473 credis
696 2432 903 2487 exemplo,
930 2446 1005 2472 usu
1027 2446 1069 2472 es
1093 2430 1343 2473 crediturus.
1370 2431 1422 2472 Et
1446 2431 1533 2473 aliis
1560 2431 1656 2487 qui—

303 2503 398 2543 dem
421 2501 643 2550 fructibus,
670 2510 715 2543 ut
742 2501 831 2550 viti,
855 2502 973 2549 olem,
997 2501 1217 2558 pomisque
1241 2501 1415 2544 diversis
1437 2500 1533 2544 anni
1558 2510 1656 2544 aetas

349 2591 357 2605 ¹
382 2592 390 2611 ¹
410 2582 487 2615 Cor.
506 2593 556 2622 xv,
571 2582 625 2622 42,
641 2588 672 2614 ct
691 2593 778 2626 seqq.
800 2601 840 2607 —
859 2593 870 2606 ²
891 2583 989 2615 Joan.
1003 2593 1057 2622 xx,
1077 2593 1131 2624 29.
