1774 3158
275 265 364 318 456
823 286 853 313 s.
893 285 1085 316 annnosu

275 380 291 401 n
306 361 444 403 rem'.
463 359 611 414 »Quid
638 369 701 403 est
730 363 837 404 ultra
859 363 1096 407 libertatem
1114 398 1124 414 ,
1148 367 1227 409 nisi
1249 368 1404 412 habere
1425 370 1627 428 Spiritum

275 432 434 491 grathe,
466 431 621 474 habere
644 432 930 476 charitatem?
953 436 1141 478 Libertas
1173 438 1284 480 enim
1317 440 1497 483 liberum
1527 443 1627 487 sacit

272 503 545 552 hominihus,
588 503 768 546 charitas
807 505 990 548 amicum
1023 507 1123 549 Deo.
1166 509 1285 550 Unde
1316 509 1372 552 ait
1404 511 1623 555 Christus:

285 575 402 616 «Vos
429 582 567 615 autem
592 574 674 615 dixi
706 574 906 617 amicos².
932 576 1076 619 »Bona
1108 578 1304 631 chariam,
1334 582 1386 623 de
1414 597 1493 638 qua
1519 584 1627 626 dici-

272 654 342 687 tnr
361 659 369 684 :
387 661 401 681 α
419 644 497 685 Per
519 643 765 685 charitatem
789 644 966 702 Spiritus
1002 647 1152 690 servite
1177 648 1396 694 invicem&
1419 670 1434 690 n
1449 652 1628 696 Servivit

272 723 314 757 et
347 714 558 762 Christus,
594 721 641 754 ut
673 730 818 756 omnes
850 716 1004 758 liberos
1038 716 1207 760 faceret.
1235 719 1420 762 «Manus
1456 721 1547 778 ejus
1583 723 1627 765 in

273 784 488 841 »cophino
526 783 935 841 sei·vie1·unt⁵:»qui
966 801 1050 828 non
1083 788 1273 845 rapinam
1310 799 1373 831 est
1402 791 1627 834 arbitratus

272 870 362 897 esse
390 870 433 896 se
462 856 665 911 aequalem
688 854 794 902 Deo,
828 855 1004 897 sormam
1032 857 1136 898 servi
1171 858 1330 914 accepit
1349 859 1393 908 ⁵;
1419 869 1459 902 et
1486 862 1626 904 omnia

273 926 469 967 omnibus
492 925 628 967 faetus
649 933 733 973 est,
760 934 805 967 ut
826 928 1021 968 omnibus
1053 929 1228 970 salutem
1254 929 1464 973 afferret⁶.
1495 932 1627 988 Cujus

272 995 460 1036 imitator
488 995 657 1041 Paulus,
691 1003 733 1036 et
764 996 880 1051 quasi
918 997 994 1036 suh
1034 996 1144 1054 Lege
1176 1006 1281 1046 erat,
1315 1008 1356 1041 et
1388 1001 1503 1057 quasi
1538 1002 1627 1044 sine

270 1064 383 1121 Lege
407 1065 573 1105 vivebat
596 1079 673 1121 pro
697 1080 842 1106 eorum
867 1065 1064 1114 utilitate,
1089 1082 1192 1122 quos
1216 1068 1415 1125 cupiebat
1435 1071 1590 1112 lucrari
1614 1086 1624 1112 ε

270 1144 312 1177 et
335 1134 512 1177 infirmis
534 1136 678 1177 volens
706 1135 833 1177 fiebat
856 1135 1072 1184 infirmus,
1104 1146 1149 1178 ut
1175 1153 1245 1180 eos
1271 1139 1627 1184 confirmaret:et

270 1206 483 1253 currebat,
504 1214 551 1246 ut
569 1206 951 1262 comprehenderet
971 1222 979 1247 :
997 1216 1039 1248 et
1056 1221 1207 1263 corpus
1230 1224 1352 1250 suun]
1376 1210 1625 1268 castigabat,

271 1285 317 1318 ut
339 1283 565 1332 potestates
589 1280 729 1317 aereas
755 1276 796 1317 in
820 1276 986 1318 Christo
1010 1277 1305 1334 triumpharet.

330 1346 487 1389 XXIV.
524 1346 597 1387 Est
616 1361 715 1403 ergo
740 1347 916 1403 sapienti
939 1356 981 1388 et
1006 1348 1162 1389 servire
1182 1349 1366 1391 libertas.
1397 1349 1515 1391 Unde
1536 1351 1627 1392 col-

269 1418 414 1475 ligitur
431 1417 526 1474 quia
544 1419 672 1459 stulto
695 1425 736 1458 et
761 1418 970 1475 imperare
991 1419 1168 1459 servitus
1191 1427 1278 1466 est3
1304 1427 1345 1460 et
1368 1421 1480 1476 quod
1508 1421 1626 1477 pejus

271 1496 357 1536 est,
390 1502 487 1529 cum
510 1487 779 1543 paucioribus
804 1488 967 1544 praesit,
993 1488 1187 1544 pluribus
1211 1489 1389 1530 dominis
1410 1498 1450 1531 et
1472 1490 1629 1546 gravio-

267 1557 385 1598 ribus
414 1557 552 1599 servit.
582 1557 720 1599 Servit
740 1558 853 1599 enim
879 1558 1061 1614 propriis
1090 1558 1377 1614 passionibus,
1405 1562 1530 1603 servit
1551 1576 1628 1603 cu-

269 1627 514 1684 piditatibus
551 1628 657 1675 suis,
693 1643 870 1684 quarum
912 1627 1176 1669 dominatum
1208 1643 1287 1670 nec
1323 1638 1450 1672 nocte
1486 1640 1626 1688 potest

268 1697 428 1754 fugere,
454 1712 531 1739 nec
564 1698 653 1745 die;
691 1698 787 1753 quia
823 1698 931 1739 intra
964 1713 1006 1739 se
1037 1699 1230 1740 dominos
1260 1699 1404 1748 habet,
1439 1701 1546 1743 intra
1583 1717 1625 1744 se

271 1767 485 1809 servitium
509 1768 668 1824 patitur
690 1768 953 1809 intolerabile
970 1801 979 1816 ‚
1013 1768 1187 1810 Gemina
1211 1769 1323 1811 enim
1345 1770 1521 1812 servitus
1543 1780 1622 1820 est,

271 1842 396 1883 altera
425 1839 629 1896 corporis,
655 1839 890 1881 animarum
909 1840 1037 1880 altera
1061 1853 1070 1880 τ
1091 1839 1252 1881 domini
1271 1849 1410 1882 autem
1429 1842 1617 1898 corporis

270 1911 439 1967 quidem
464 1909 672 1956 homines,
703 1909 938 1951 animarum
962 1917 1102 1950 autem
1127 1909 1294 1950 malitiae
1321 1919 1362 1951 et
1389 1911 1620 1966 passiones'.

273 1998 293 2024 a
321 1981 473 2038 quibus
505 1981 591 2022 sola
623 1980 749 2021 animi
773 1980 945 2021 libertas
969 1979 1201 2036 sapientem
1230 1979 1434 2029 vindicat3
1461 1989 1507 2022 ut
1535 1996 1626 2023 ser·

269 2053 368 2095 vitio
386 2052 423 2094 ei
441 2052 566 2094 liceat
582 2051 712 2092 exire.

327 2121 462 2165 XXV.
501 2122 749 2173 Quaeramus
787 2121 913 2178 igitur
947 2121 1065 2162 illum
1106 2135 1202 2162 vere
1236 2120 1490 2177 sapientem,
1529 2134 1624 2162 vere

267 2196 475 2241 liberum,
502 2192 573 2248 qui
605 2191 795 2247 quamvis
823 2191 902 2232 sub
925 2190 1206 2247 plurimorum
1233 2189 1450 2231 dominatu
1475 2190 1621 2246 degat,

269 2265 401 2307 libere
424 2263 527 2305 dicit
547 2275 557 2303 ι
575 2279 590 2299 «
610 2261 715 2312 Quis
733 2268 811 2309 est,
833 2260 904 2316 qui
923 2274 1091 2301 mecum
1110 2259 1270 2317 judicio
1289 2259 1624 2302 contendatPTu

269 2354 283 2373 n
298 2335 410 2376 solus
435 2347 607 2374 manum
632 2339 748 2372 tuam
771 2346 790 2372 a
816 2346 883 2371 me
903 2330 1078 2378 abstine,
1104 2345 1124 2370 a
1143 2329 1264 2385 cujus
1283 2338 1512 2386 conspectu
1536 2344 1623 2372 non

269 2413 445 2462 »potero
461 2417 527 2444 me
543 2402 825 2448 abscondere3
844 2409 885 2442 et
904 2400 1028 2442 timor
1042 2409 1138 2442 tuus
1153 2416 1236 2441 non
1251 2415 1318 2441 me
1337 2401 1536 2457 percellat
1549 2399 1579 2442 ⁷.
1596 2418 1611 2439 n

324 2474 482 2518 XXVI.
520 2473 661 2525 Quem
692 2480 863 2514 secutus
889 2472 1021 2514 David
1049 2486 1120 2513 rex
1152 2471 1208 2513 ait
1229 2470 1382 2513 :«Tihi
1411 2471 1486 2513 soli
1519 2485 1622 2529 pec·-

314 2587 321 2600 ¹
346 2588 357 2608 ι
381 2577 457 2609 Gor.
479 2587 525 2614 ix,
546 2585 594 2617 ¹9·
615 2593 655 2599 —
673 2585 684 2598 ι
705 2574 804 2606 Joan.
821 2585 876 2613 xv,
897 2575 944 2605 15.
965 2592 1005 2598 -
1028 2575 1041 2597 ³
1061 2573 1169 2605 Gatai.
1187 2583 1216 2609 v,
1236 2573 1329 2605 ·5.-
1346 2572 1357 2595 ⁴
1376 2571 1457 2606 Psal.
1479 2583 1573 2610 nux,
1588 2583 1620 2614 7.

266 2652 304 2659 —-
325 2636 337 2656 ὅ
355 2632 470 2674 Philip.
488 2643 525 2669 ιι,
544 2631 574 2663 6.
593 2631 658 2655 -6
678 2641 688 2661 ι
708 2630 781 2662 Cor.
801 2641 845 2668 ix,
864 2640 916 2667 21,
934 2640 984 2660 22.
1003 2646 1042 2653 -
1065 2635 1076 2657 ⁷
1092 2627 1168 2660 Job.
1192 2638 1264 2666 xm,
1286 2638 1334 2669 ¹9,
1350 2632 1377 2660 et
1392 2638 1481 2670 seqq.
