1774 3158
554 285 841 316 trisronxnuu
875 287 1030 315 crassts
1065 289 1090 315 1.
1429 278 1511 335 247

215 367 422 412 Palladius
446 365 546 408 dixit
567 381 575 407 :
594 364 827 406 FiliusDei.

215 438 464 482 Ambrosius
485 436 705 493 episcopus
725 435 824 476 dixit
848 450 857 476 ε
877 435 989 477 Deus
1008 452 1106 494 ergo
1127 437 1254 481 Filius
1273 440 1349 482 Dei
1370 450 1431 483 est
1447 457 1514 484 se-

159 511 346 554 cundum
371 507 643 550 Divinitatem
662 538 672 553 ‚
696 515 736 547 et
760 506 886 547 homo
912 514 975 548 est
1000 510 1235 551 secundum
1265 525 1448 554 carnem.

217 578 425 621 Palladius
447 575 551 618 dixit
577 590 585 616 :
618 574 798 616 Carnem
821 576 1017 632 suscepit.

214 648 421 691 Eusebius
438 646 660 702 episcopus
678 644 806 686 dixit:
826 645 934 702 Ergo
955 647 1146 688 humanis
1163 650 1298 691 verbis
1317 666 1414 693 usus
1431 660 1507 694 est.

217 717 426 761 Palladius
449 715 549 758 dixit
576 729 585 755 ε
613 714 795 756 Carnem
819 715 1047 757 humanam
1075 718 1273 774 suscepit.

218 788 331 832 XLI.
367 785 614 829 Ambrosius
650 785 872 842 episcopus
905 785 1037 826 dixit:
1069 786 1190 828 Dicat
1213 789 1307 844 quia
1341 805 1422 831 non
1447 807 1514 834 se-

159 858 347 902 cundum
379 855 648 898 Divinitatem
672 855 895 910 Apostolus
925 855 1027 897 dixit
1054 856 1317 911 subjeetum,
1345 862 1418 901 sed
1447 876 1513 902 se-

163 929 353 972 cundum
378 940 552 968 carnem
570 941 580 973 3
596 924 796 981 scriptum
822 933 884 966 est
907 926 1019 966 enim
1047 927 1346 970 :aHumiliavit
1367 940 1517 972 semet·

158 999 326 1057 »ipsum
342 1031 352 1047 ,
369 997 503 1038 sactus
531 995 730 1037 obediens
750 1010 880 1051 usque
899 997 950 1038 ad
969 1006 1147 1039 mortem
1162 998 1191 1039 ¹.
1210 1017 1225 1037 »
1240 1000 1285 1040 In
1310 1016 1391 1056 quo
1415 1017 1513 1058 ergo

157 1078 338 1111 mortem
363 1065 575 1124 gustavit?

216 1138 427 1182 Palladius
446 1137 549 1179 dixit
575 1151 584 1177 :
611 1136 719 1187 Quia
743 1151 785 1177 se
810 1136 1060 1179 humiliavit.

217 1206 467 1250 Ambrosius
497 1206 718 1263 episcopus
761 1206 897 1247 dixit:
929 1206 1020 1249 Non
1052 1207 1281 1258 Divinitas,
1313 1211 1386 1252 sed
1418 1226 1516 1253 caro

160 1277 375 1320 humiliata
397 1284 460 1318 est
488 1284 612 1332 atque
637 1275 843 1330 subjecta.
869 1275 921 1317 Et
941 1277 1102 1318 addidit
1123 1293 1132 1318 ε
1155 1278 1402 1321 creaturam
1426 1295 1516 1338 per-

156 1348 310 1390 fectam
328 1347 435 1388 bene
454 1346 555 1388 dixit
576 1345 744 1392 Arrius,
771 1359 821 1385 au
846 1346 954 1387 male
975 1346 1108 1388 dixit?

218 1417 429 1460 Palladius
455 1416 558 1458 dixit
583 1430 592 1456 :
618 1416 704 1472 Ego
738 1414 813 1455 tibi
840 1430 923 1457 non
960 1418 1196 1474 respondeo
1222 1420 1515 1463 auctoritatem

163 1504 248 1532 non
268 1489 456 1531 habenti.

219 1559 467 1602 Ambrosius
490 1560 711 1618 episcopus
734 1563 837 1606 dixit
865 1581 873 1604 :
899 1562 1103 1606 Profitere
1124 1564 1237 1618 quod
1260 1564 1334 1604 vis.

219 1630 429 1673 Palladius
453 1630 555 1672 dixit
577 1645 586 1671 t
612 1631 702 1674 Non
726 1635 961 1691 respondeo
987 1632 1118 1674 vobis.

220 1701 351 1744 XLII.
392 1700 571 1743 Sabinus
594 1703 818 1760 episcopus
837 1704 939 1745 dixit
960 1719 967 1744 :
993 1703 1073 1745 Pro
1096 1702 1217 1744 Arrio
1236 1717 1319 1744 non
1342 1717 1518 1762 respon-

163 1773 258 1820 des,
280 1771 331 1813 ad
353 1771 606 1826 interrogata
632 1787 715 1814 non
738 1773 996 1830 respondes?

217 1841 426 1884 Palladius
450 1841 580 1882 dixit:
613 1841 692 1883 Pro
711 1843 830 1884 Arrio
855 1858 931 1899 ego
957 1858 1039 1884 non
1065 1843 1274 1899 respondi.

225 1913 407 1954 Sabinus
448 1912 668 1970 episcopus
700 1914 832 1955 dixit:
858 1915 998 1970 Usque
1035 1915 1138 1955 adeo
1170 1915 1450 1971 respondisti,
1478 1924 1522 1958 ut

164 1983 320 2027 Filium
342 1982 418 2025 Dei
443 1997 616 2039 negares
638 1992 853 2039 potentem
872 2016 881 2031 ‚
911 1999 1085 2040 negares
1108 1999 1252 2025 verum
1277 1985 1427 2026 Deum.

222 2052 430 2095 Palladius
453 2052 555 2094 dixit
578 2068 585 2093 :
611 2053 697 2110 Ego
722 2062 760 2095 te
778 2053 965 2109 judicem
990 2068 1072 2093 non
1102 2055 1266 2110 patior,
1291 2069 1415 2110 quem
1439 2056 1519 2097 im·-

167 2124 333 2183 pietatis
357 2139 500 2181 arguo.

226 2194 408 2237 Sabinus
430 2194 652 2251 episcopus
675 2193 777 2234 dixit
804 2207 813 2234 ε
840 2193 932 2250 Ipse
956 2209 1030 2235 nos
1050 2194 1220 2250 coegisti
1239 2195 1398 2236 sedere.

224 2265 434 2309 Palladius
456 2264 584 2306 dixit:
605 2264 796 2307 Mandavi
815 2274 862 2305 ut
880 2264 1096 2311 sederetis,
1120 2274 1165 2306 ut
1188 2280 1407 2321 arguerem
1434 2282 1521 2308 vos.

172 2337 316 2389 Quare
339 2335 602 2392 subripuistis
625 2334 898 2392 imperatori?
918 2335 968 2376 [t
988 2336 1159 2392 plenum
1184 2335 1419 2378 Concilium
1441 2352 1526 2379 non

171 2417 303 2456 esset,
330 2406 585 2464 obripuistis.

233 2477 480 2521 Ambrosius
511 2476 733 2534 episcopus
760 2476 860 2519 dixit
885 2492 893 2518 :
925 2478 1032 2520 Cum
1062 2477 1171 2520 Arrii
1205 2477 1440 2534 impietates
1462 2475 1525 2520 le·

171 2557 393 2607 gerentur,
424 2556 467 2590 et
490 2547 679 2605 impietas
706 2556 773 2590 tua
807 2550 965 2607 pariter
998 2550 1275 2591 condemnata
1309 2557 1395 2597 est,
1432 2563 1523 2606 quae

216 2650 225 2664 ¹
248 2640 366 2683 Philip.
386 2651 426 2678 ιι,
446 2639 477 2671 8.
