1774 3158
503 282 785 310 EPlSTOLARUM
817 283 974 311 cnsffls
1005 285 1032 311 1.
1365 273 1448 314 353

103 361 310 417 suscepit,
335 368 380 401 ut
403 351 692 415 crucifigeret3
730 374 811 400 non
836 359 947 400 euim
986 360 1054 401 ille
1078 362 1350 412 maledictus,
1377 365 1451 405 sed

103 432 145 474 iu
171 441 208 473 te
234 430 493 472 maledictus.
533 430 721 485 Denique
753 429 882 470 habes
917 429 1012 470 alibi
1040 446 1048 470 :
1083 450 1096 466 «
1121 431 1203 481 Qui
1227 441 1448 488 peecatum

103 516 216 542 »non
237 500 454 557 coguovit,
479 501 552 541 sed
581 514 656 556 pro
685 499 804 540 nobis
840 507 1062 555 peccatum
1085 500 1218 542 sactus
1241 511 1328 549 est;
1353 504 1449 558 quia

104 579 273 613 »nostra
304 579 476 627 peccata
510 569 716 626 suscepit,
754 577 801 610 ut
834 578 1098 611 sacramento
1131 586 1215 612 suae
1247 573 1450 629 passionis

104 640 359 683 »aboleret¹.
388 658 403 678 n

162 709 321 753 XXVI.
359 710 458 751 Haec
478 724 554 765 ego
570 741 580 757 ,
604 708 753 750 fratres
768 740 777 756 ‚
805 723 947 750 eoram
967 709 1054 766 ipso
1077 712 1187 767 apud
1205 727 1274 752 vos
1293 713 1456 768 plenius

106 782 361 838 disputarem
385 797 394 820 :
420 781 492 821 sed
516 788 655 821 certus
688 793 772 820 non
802 779 967 834 ignaros
991 794 1061 820 vos
1097 795 1187 822 esse
1224 780 1348 829 fidei,
1376 797 1461 822 ves-

106 862 217 895 trum
242 851 393 907 refugit
415 865 617 897 examen,
656 857 697 890 et
719 848 895 905 gentiles
934 850 1137 905 quosdam
1178 860 1358 906 quatuor
1394 861 1464 893 aut

106 923 292 978 quinque
329 921 460 962 ferme
490 920 682 961 homines
715 919 839 976 elegit
876 920 1116 977 cognitores
1139 921 1217 962 sibi
1247 923 1364 978 (151)
1386 956 1394 969 ,
1430 923 1464 963 si

107 1003 248 1035 tamon
272 992 429 1048 aliquos
453 991 578 1046 elegit
607 1005 616 1031 ε
644 1005 748 1046 quos
787 990 937 1031 vellem
973 991 1116 1032 adesse
1149 992 1190 1033 in
1223 1002 1336 1047 coetu,
1372 1009 1464 1034 om-

106 1063 222 1105 nium
238 1095 248 1110 ,
274 1077 356 1103 uon
381 1069 426 1102 ut
450 1061 502 1102 de
521 1060 689 1102 Christo
712 1059 927 1115 judicent,
947 1062 1020 1102 sed
1041 1070 1087 1102 ut
1107 1062 1369 1118 majestatem
1397 1079 1466 1104 au-

110 1133 224 1175 diant
247 1131 414 1173 Christi.
441 1131 600 1172 Tamen
635 1130 695 1171 illi
727 1130 812 1186 jam
850 1130 900 1172 de
924 1130 1134 1172 Auxentio
1170 1133 1468 1189 pronuntiave-

109 1213 233 1250 runt,
259 1203 326 1245 eui
351 1201 545 1259 tractanti
569 1201 758 1256 quotidie
782 1216 865 1242 nou
893 1202 1179 1243 crediderunt.
1206 1203 1309 1253 Quze
1332 1204 1467 1257 major

110 1274 199 1329 ejus
223 1271 542 1318 condemnatio,
569 1285 697 1326 quam
737 1272 849 1326 quod
887 1271 980 1316 sine,
1002 1272 1238 1312 adversario
1274 1274 1384 1329 apud
1404 1273 1468 1328 ju-

112 1343 224 1385 diees
247 1357 342 1384 suos
362 1342 494 1383 wictus
516 1339 611 1381 est?
641 1340 752 1396 Ergo
778 1348 816 1380 et
839 1339 1025 1395 ipsorum
1053 1341 1302 1382 sententiam
1322 1341 1468 1383 contra

111 1414 365 1455 Auxentium
387 1411 470 1466 jam
494 1419 699 1451 tenemus.

172 1481 352 1524 XXVII.
391 1481 441 1522 Et
464 1481 578 1536 quod
606 1488 751 1535 gentes
786 1479 934 1536 elegit,
957 1480 1050 1535 jure
1087 1482 1349 1523 damnandus
1374 1492 1466 1531 est;

113 1554 207 1610 quia
231 1551 420 1608 Apostoli
460 1558 667 1607 praecepta
706 1549 894 1597 dimisit,
935 1564 1030 1591 cum
1062 1551 1289 1607 Apostolus
1322 1552 1432 1595 dicat
1458 1570 1467 1595 :

124 1642 139 1663 α
151 1625 289 1666 Audet
305 1622 450 1678 aliquis
460 1629 643 1662 vestrum
660 1620 855 1661 adversus
870 1621 1047 1661 alterum
1065 1621 1224 1663 habens
1236 1625 1470 1679 negotium,

115 1694 324 1751 »judicari
345 1693 456 1749 apud
477 1691 642 1746 iniquos
661 1722 670 1737 ,
695 1698 736 1731 et
764 1706 847 1731 non
875 1693 984 1746 apud
1007 1693 1204 1734 sanctos?
1223 1693 1308 1735 Aut
1332 1696 1472 1737 nesci-

115 1783 130 1804 »
148 1765 196 1806 tis
218 1764 416 1820 quoniam
440 1762 572 1804 sancti
599 1762 650 1802 de
671 1760 751 1802 hoe
777 1763 939 1803 mundo
961 1761 1214 1817 judicabunt
1232 1764 1248 1805 Ξ)
1266 1784 1280 1804 »
1299 1766 1352 1807 Et
1368 1767 1474 1808 iufra

117 1836 173 1877 ait
199 1849 207 1875 :
243 1833 346 1875 «Sic
371 1848 454 1874 non
477 1840 539 1873 ost
562 1831 670 1872 inter
694 1846 764 1871 vos
793 1831 957 1887 sapiens
983 1832 1203 1888 quisquam
1222 1866 1232 1881 ,
1255 1835 1325 1889 qui
1345 1836 1475 1891 possit

115 1905 336 1959 »judicare
355 1903 463 1943 iuter
481 1902 628 1943 fratres
655 1915 664 1940 t
690 1902 762 1941 sed
787 1900 913 1941 frater
938 1902 1177 1944 cumfratre
1199 1903 1359 1959 judicio
1378 1920 1478 1946 con-

117 1994 132 2015 »
147 1975 297 2021 tendit,
327 1981 368 2014 et
390 1973 470 2013 hoc
494 1972 605 2028 apud
627 1969 838 2011 infidelcs²
859 1970 874 2010 Ρ
897 1970 1049 2012 »Vides
1073 1972 1168 2027 quia
1187 1975 1300 2028 quod
1318 1975 1385 2015 ille
1402 1975 1474 2015 oh-

119 2046 237 2091 tulit,
264 2052 410 2085 contra
433 2043 726 2083 auctoritatem
751 2040 941 2097 Apostoli
963 2041 1028 2082 sit.
1059 2041 1142 2085 Vos
1167 2044 1306 2099 eligite
1333 2053 1476 2087 utrum

118 2115 374 2159 Auxentium
399 2129 449 2154 an
472 2113 648 2154 Paulum
674 2112 790 2167 sequi
812 2111 1040 2154 debeamus
1061 2113 1324 2170 magistrum.

177 2184 374 2228 XXVIII.
414 2182 496 2225 Sed
520 2182 623 2238 quid
646 2182 784 2222 dicam
821 2183 871 2222 de
901 2182 1103 2239 Apostolo
1121 2215 1130 2231 ‚
1158 2199 1253 2225 cum
1281 2186 1367 2242 ipse
1389 2187 1480 2229 Do—

119 2256 258 2312 minus
281 2256 432 2296 clamet
453 2268 526 2309 pei·
544 2252 797 2308 Prophetam
814 2266 821 2292 ε
840 2252 1020 2294 «Audite
1039 2269 1122 2301 me,
1145 2256 1326 2311 populus
1343 2272 1478 2298 meus.

122 2345 137 2365 »
152 2326 235 2377 Qui
254 2325 365 2367 scitis
384 2323 608 2379 judicium,
634 2337 816 2378 quorum
838 2323 877 2363 in
898 2325 1100 2365 cordelex
1119 2340 1212 2366 mea
1227 2325 1352 2367 est³.»
1367 2327 1479 2369 Deus

124 2396 256 2437 dicit:
289 2394 470 2435 «Audite
495 2408 578 2438 me,
604 2393 787 2449 populus
810 2407 942 2434 meus.
968 2393 1050 2443 Qui
1074 2394 1187 2436 scitis
1208 2395 1468 2450 judicium3»

122 2465 354 2509 Auxentius
372 2464 472 2505 dicit
493 2478 501 2503 :
524 2462 702 2504 Nescitis
720 2461 1108 2516 judiciiim.Videtis
1128 2464 1223 2520 quia
1240 2464 1326 2520 jam
1345 2466 1483 2507 Deum

122 2534 356 2580 contemnit
379 2534 420 2575 iu
446 2532 567 2575 vobis
583 2565 593 2580 ,
629 2531 702 2588 qui
727 2532 980 2574 sententiam
1006 2534 1188 2576 coelestis
1212 2534 1366 2577 refutat
1388 2550 1486 2576 ora‘

174 2636 184 2651 ¹
208 2640 226 2659 2
241 2627 318 2660 Cor.
335 2637 366 2665 v,
385 2637 438 2659 21.
457 2643 497 2649 —-
518 2635 529 2648 ⁹
555 2635 567 2655 1
587 2624 664 2656 Coi-t
687 2634 731 2659 vi.
753 2624 818 2655 1-6.
839 2642 877 2648 --
893 2624 906 2647 ³
929 2625 1005 2658 lsai.
1023 2635 1065 2663 m,
1083 2636 1117 2666 7.

277 2695 355 2724 in.
1317 2683 1368 2721 23
