1774 3158
629 241 957 271 ANNOTATIONES.
1386 229 1409 270 5
1421 244 1434 271 1
1446 232 1467 269 3

125 321 294 378 quidem
312 335 404 364 mos
426 329 504 368 est,
527 329 656 376 utque
672 320 714 361 in
734 319 862 361 sacris
884 319 1029 361 haberi
1054 319 1472 375 nequeantsimulen-

124 400 216 434 tur:
232 393 345 448 quod
364 391 537 448 perinde
550 389 776 448 accipitur,
793 404 839 432 ac
856 389 888 431 si
904 403 999 432 vera
1010 397 1161 431 essent.
1173 387 1284 447 Virg.
1312 390 1476 433 AEneid.

125 476 166 504 ιν
181 494 192 512 ,
212 476 317 505 vers.
342 463 439 504 512.

269 560 505 616 Sparserat
522 568 561 600 ει
590 559 737 601 latices
756 557 985 600 simulatos
1000 561 1134 616 fontis
1152 562 1324 603 averni.

123 657 222 699 Haec
257 655 459 699 Naunius.
501 654 632 697 Porro
672 656 724 697 de
765 655 893 697 sacris
916 656 1147 712 peregrinis
1162 691 1171 706 ‚
1209 673 1300 714 quae
1331 660 1476 702 Rom-te

126 727 323 783 adoptata
349 725 476 767 tradit
499 724 769 773 Ambrosius,
813 726 1025 782 eleganter
1056 742 1224 783 quoque
1250 728 1333 770 Leo
1351 730 1472 772 Pont.

124 797 245 841 Rom.
269 811 392 838 serm.
413 812 441 837 1.
463 795 514 837 de
533 795 755 852 Apostolt's
771 811 785 836 .·
804 796 919 838 Cum
930 813 1039 853 pene
1065 798 1292 849 ονηηίὸιιε,
1317 800 1477 856 inquit,

125 868 433 909 dominaretur
451 866 659 924 gentibus
675 899 685 914 ,
708 867 910 908 omnium
923 869 1123 925 gentiam
1137 871 1355 912 serviebat
1373 887 1486 912 erro·

126 937 250 979 ribus
278 945 360 979 etc.
390 935 690 979 Verumtamen
713 937 822 979 sacta
847 938 994 995 saepius
1031 939 1166 982 edicta
1196 941 1247 982 de
1282 942 1486 998 pellendis

126 1022 178 1051 ex
200 1008 314 1050 Urbe
345 1005 622 1064 religionibus
648 1007 878 1065 peregrinis
899 1023 983 1050 non
1007 1009 1264 1066 ignoramus..

483 1166 729 1195 ANNo'rA'rio
761 1151 881 1208 (ηδ)
914 1169 1003 1210 pag.
1047 1156 1144 1211 309.

185 1288 433 1345 Pompeium
447 1319 458 1336 ,
476 1286 621 1329 amissa
642 1285 878 1328 Pharsalica
895 1303 1031 1344 pugna
1048 1322 1056 1337 ,
1083 1291 1134 1330 ad
1152 1305 1292 1347 regem
1318 1293 1490 1351 AEgypti

129 1358 435 1418 perfugientem
450 1391 459 1406 ‚
477 1371 571 1398 cuin
590 1371 612 1397 e
628 1356 722 1397 navi
736 1371 809 1397 sua
827 1357 867 1397 in
880 1357 1120 1414 AEgyptiam
1139 1359 1349 1415 ingressus
1362 1372 1490 1413 esset,

129 1430 316 1473 Achillas
328 1428 466 1485 regius
479 1427 701 1468 eunuchus
722 1427 878 1468 nefarie
899 1428 1145 1478 trucidavit,
1170 1439 1215 1471 ut
1238 1431 1492 1474 Plutarchus

130 1500 173 1542 in
203 1500 315 1542 illius
329 1498 444 1545 Vita,
474 1496 701 1538 Suetonius
729 1496 770 1538 in
809 1496 903 1539 Vita
927 1497 1028 1539 Julii
1054 1499 1253 1549 Caesaris,
1284 1511 1407 1559 atque
1427 1505 1493 1546 alii

131 1575 480 1611 commemorant.
503 1567 746 1622 canopeum
771 1574 911 1608 autem
938 1567 1167 1624 spadonem
1190 1580 1314 1612 vocat
1355 1587 1375 1612 a
1413 1572 1487 1614 Ca-

131 1653 242 1696 nopo
254 1638 421 1695 AEgypti
435 1640 651 1692 urbe.quae
663 1637 714 1677 ab
725 1636 973 1678 Alexandria
987 1652 1064 1679 cxx
1077 1639 1217 1680 stadiis
1230 1640 1370 1682 dissita
1382 1652 1486 1684 erat.

189 1709 252 1751 De
277 1707 386 1764 Cyro
410 1706 630 1749 Persarum
653 1720 774 1762 rege,
797 1706 867 1761 qui
890 1706 1101 1748 devictum
1118 1707 1308 1750 Croesum
1325 1712 1488 1767 perhu-

131 1779 313 1822 maniter
333 1779 538 1834 planeque
560 1776 673 1831 regie
703 1784 981 1826 tractaverat,
1020 1792 1037 1818 a
1062 1777 1266 1835 Thomyri
1300 1789 1422 1836 capto
1448 1790 1489 1823 et

133 1850 387 1890 obtruncato
414 1846 580 1902 scripsit
599 1845 837 1888 Herodotus
860 1846 932 1888 lib.
957 1861 983 1888 1.
1010 1846 1164 1890 Histor.
1192 1848 1385 1892 ‹lustinus
1410 1851 1486 1892 lib.

135 1918 263 1961 etiam
287 1933 314 1960 1.
342 1926 466 1973 atque
492 1915 573 1957 alii.

484 2063 730 2093 ANNOTATlo
763 2050 881 2107 (114)
912 2064 1006 2107 pag.
1044 2051 1144 2092 311.

193 2191 368 2248 Vigilius
391 2190 444 2231 ad
465 2203 591 2245 quem
614 2189 709 2229 data
731 2195 794 2229 est
817 2186 904 2229 haee
928 2187 1105 2244 epistola
1120 2222 1130 2237 ,
1156 2203 1238 2231 non
1258 2191 1360 2233 alius
1388 2202 1453 2235 est
1470 2210 1490 2235 a

135 2262 287 2320 vigilio
299 2259 488 2303 Tridenti
509 2259 727 2316 episcopo.
751 2257 973 2299 nec’hacin
986 2272 1030 2299 re
1044 2259 1264 2316 quisquam
1287 2262 1490 2307 dissense-

136 2334 205 2376 rit.
238 2330 340 2386 Ejus
369 2343 494 2387 porro
529 2336 709 2370 mortem
733 2327 858 2370 Rom.
883 2327 1110 2385 Martyrol.
1138 2344 1207 2372 vu.
1234 2331 1324 2375 Kal.
1360 2334 1492 2378 Julius

142 2404 222 2459 (26
236 2399 658 2458 Junii)annnntians,
673 2414 770 2440 eum
789 2414 808 2440 a
828 2400 1108 2456 paganiscum
1133 2401 1377 2445 idololatriae
1399 2407 1493 2448 reli-

138 2475 256 2532 quias
277 2472 500 2514 excindere
523 2477 769 2517 conaretur,
793 2470 1002 2527 lapidibus
1037 2471 1237 2513 obrutum
1263 2476 1415 2524 tradit,
1449 2478 1492 2519 in

139 2559 223 2602 quo
246 2543 303 2587 illi
321 2542 585 2586 concinnunt
599 2540 794 2585 collectio
814 2540 1010 2591 Usuardi‚
1027 2549 1069 2584 et
1081 2542 1185 2585 Acta
1203 2543 1245 2585 in
1263 2544 1494 2590 Mabillonii

260 2628 342 2656 Lx1.
1329 2614 1380 2657 33
