1774 3158
491 242 774 277 EplsToLAnL'M
809 249 964 276 cmiss1s
999 251 1024 276 1.
1358 233 1441 286 345

95 328 190 384 quia
215 326 245 369 si
269 326 438 383 quidem
460 325 587 374 habet
613 326 755 386 civitas
775 327 836 367 vel
859 326 1076 374 athletam,
1098 327 1164 368 vel
1187 326 1353 368 alterius
1375 342 1446 369 no-

95 397 187 439 bilis
213 396 310 437 artis
327 396 507 452 peritum
528 430 537 443 ‚
560 405 676 453 optat
699 396 849 438 offerre
871 390 1105 438 certamini.
1133 397 1219 439 Cur
1241 397 1282 438 in
1310 397 1444 454 majo·

95 467 209 508 ribus
238 467 362 507 rebus
391 467 639 522 repudiatis,
664 467 776 522 quod
800 468 863 507 vel
891 466 932 507 in
956 468 1189 509 minoribus
1212 468 1315 508 velle
1341 482 1444 509 con-

96 536 278 580 suestis?
308 537 399 579 Non
428 537 577 578 metuit
608 552 748 586 arma,
781 552 864 578 non
894 537 1121 583 barbaros,
1157 537 1227 594 qui
1262 546 1443 580 mortem

94 622 178 650 non
197 607 338 654 timet,
365 607 432 662 qui
458 608 570 649 nulla
593 608 728 649 carnis
748 608 964 663 voluptnb¹
983 608 1201 649 rotiuetur.

152 677 240 720 VII.
279 677 402 718 Certe
424 677 456 718 si
481 677 686 719 Dominus
716 677 817 719 huic
848 692 923 719 nos
959 677 1179 718 certamini
1201 678 1441 734 deputavit,

94 747 244 788 frustra
269 747 487 804 pervigiles
522 756 581 789 tot
604 747 799 789 noctibus
831 756 872 789 et
911 747 1058 789 diebus
1087 747 1296 790 custodias
1327 748 1447 790 exhi-

94 817 240 859 buistis
266 825 305 857 et
337 816 534 858 excubias
561 833 570 858 :
605 817 848 875 implebitur
882 816 1036 859 Christi
1069 818 1273 860 voluntas.
1303 817 1448 860 Omni-

93 895 240 943 potens
276 886 387 927 enim
422 895 564 929 noster
594 896 655 929 est
689 888 894 930 Dominus
935 887 1080 936 Jesus,
1129 887 1219 930 haec
1251 895 1312 930 est
1343 886 1447 930 fides

94 965 253 1004 nostran
280 965 320 998 et
343 958 434 998 ideo
459 959 571 1013 quod
594 957 684 1000 fieri
706 960 903 1008 mandat,
932 959 1177 1017 implebitur
1204 973 1213 1000 :
1239 973 1317 1001 nec
1343 973 1448 1002 con-

92 1025 205 1067 venit
230 1041 301 1067 uos
325 1027 473 1068 divinae
497 1028 665 1070 obviare
683 1029 917 1071 sententiae.

149 1095 260 1139 VIII.
299 1097 482 1138 Audistis
519 1100 632 1154 quod
672 1099 796 1150 hodie
831 1101 991 1141 lectum
1023 1100 1075 1142 sit
1115 1115 1124 1141 :
1161 1100 1330 1143 Pullum
1362 1100 1442 1143 sibi

93 1167 217 1209 asinae
241 1167 430 1209 Salvator
450 1184 524 1226 per
547 1169 771 1226 Apostolos
798 1170 919 1225 jussit
947 1170 1123 1218 edduci,
1148 1171 1446 1227 mandavitque

93 1246 137 1279 ut
158 1238 189 1278 si
215 1238 305 1293 quis
328 1239 565 1287 resisteret,
603 1240 815 1281 diceretur
840 1257 850 1281 .·
873 1258 888 1278 «
914 1241 1119 1283 Dominus
1153 1255 1324 1298 operam
1355 1241 1445 1298 ejus

92 1311 373 1352 »desiderat¹.
403 1329 417 1349 »
440 1311 551 1362 Quid
578 1312 609 1352 si
642 1320 682 1353 ot
714 1326 827 1353 nunc
854 1311 1014 1368 pullum
1044 1312 1167 1353 istum
1194 1311 1338 1360 asinae,
1363 1311 1444 1353 hoc

92 1390 169 1430 est,
194 1383 284 1438 ejus
306 1383 494 1425 aui-malis
515 1384 629 1439 quod
645 1398 810 1440 gravem
841 1382 1047 1425 sarcinam
1072 1393 1241 1441 portare
1264 1400 1445 1427 consue-

93 1454 166 1503 vit,
195 1454 304 1496 sicut
329 1463 390 1495 est
420 1454 604 1496 humana
635 1454 848 1502 conditio,
884 1454 952 1496 cui
977 1454 1132 1496 dicitur
1153 1470 1162 1496 :
1181 1473 1194 1493 α
1222 1455 1371 1498 Venite
1394 1457 1446 1499 ad

93 1541 188 1568 »me
206 1541 351 1568 omnes
370 1526 439 1582 qui
462 1525 662 1567 laboratis
678 1558 688 1573 ,
713 1533 753 1567 ct
786 1525 947 1566 onerati
972 1525 1093 1574 estis,
1117 1535 1158 1568 et
1185 1542 1261 1584 ego
1287 1543 1358 1570 vos
1378 1543 1447 1570 re-

92 1616 106 1633 »
122 1595 261 1638 ficiam
292 1613 300 1638 ε
325 1597 457 1637 tollite
475 1596 622 1654 jugum
648 1611 788 1638 meum
805 1629 814 1644 ,
850 1596 947 1652 quia
971 1597 1060 1637 leve
1081 1596 1169 1638 est²
1186 1614 1197 1645 3
1216 1617 1231 1636 n
1265 1598 1365 1654 quid
1387 1599 1420 1641 si

94 1666 262 1722 inquam
280 1700 289 1714 ,
314 1668 475 1724 pullum
498 1666 624 1707 istum
661 1667 711 1708 ad
736 1681 779 1708 se
812 1667 938 1708 modo
960 1665 1082 1722 jussit
1105 1668 1283 1716 adduci,
1313 1669 1449 1712 missis

93 1731 301 1793 Apostolis
323 1737 418 1786 illis,
439 1737 509 1794 qui
533 1737 617 1792 jam
641 1737 756 1778 exuti
775 1751 954 1794 corpore
975 1738 1447 1795 incomprehensibilem

94 1807 225 1848 oculis
246 1808 401 1849 nostris
432 1807 691 1865 Angelorum
720 1807 906 1864 speciem
939 1808 1130 1863 gerunt?
1160 1808 1308 1852 Nonne
1332 1810 1365 1852 si
1397 1811 1445 1852 ab

95 1878 231 1934 aliquo
256 1878 488 1925 resistatur,
523 1879 664 1920 dicent
689 1893 698 1919 :
725 1895 740 1916 «
774 1878 983 1919 Dominus
1013 1893 1184 1934 operam
1215 1879 1306 1936 ejus
1337 1881 1449 1923 desi-

93 1967 108 1987 »
125 1950 240 1990 derat
259 1949 276 1990 P
297 1968 312 1988 »
332 1950 364 1990 si
394 1949 558 1991 resistat
589 1950 655 1991 vel
687 1949 778 1990 vitae
803 1948 929 2005 liujus
963 1949 1195 2005 cupiditas,
1227 1951 1260 1992 si
1283 1952 1447 1994 resistat

94 2033 192 2060 caro
228 2027 269 2060 et
297 2019 486 2076 sanguis,
517 2019 548 2061 si
588 2019 753 2061 resistat
783 2018 1045 2060 conversatio
1073 2020 1326 2076 corporalis3
1351 2022 1447 2078 quia

95 2088 301 2144 aliquibus
329 2089 501 2130 forsitan
532 2090 637 2145 grati
663 2089 867 2130 videmur.
899 2088 982 2130 Sed
1001 2088 1167 2145 quinos
1192 2090 1261 2132 hic
1287 2092 1443 2149 diligit,

94 2160 227 2200 multo
251 2159 428 2216 amplius
452 2159 618 2216 diliget,
644 2159 678 2201 si
699 2159 807 2201 sinat
834 2157 925 2200 fieri
947 2159 1127 2201 hostiam
1150 2159 1329 2210 Christi3
1350 2161 1447 2218 quia

83 2257 86 2259 Α
107 2247 122 2268 α
146 2229 342 2277 Dissolvi,
366 2237 522 2271 etcum
539 2229 704 2272 Christo
721 2245 811 2271 esse
828 2230 961 2270 multo
978 2229 1128 2271 melius
1150 2245 1160 2271 ε
1185 2230 1260 2272 etsi
1277 2246 1448 2274 manere

94 2300 166 2342 »in
203 2315 328 2342 carne
353 2300 483 2356 magis
516 2301 799 2342 necessarium
836 2309 1010 2357 propter
1047 2299 1166 2342 vos³.
1206 2319 1221 2340 »
1247 2301 1360 2344 Nihil
1386 2312 1449 2346 est

95 2386 194 2428 ergo
217 2373 329 2427 quod
353 2371 605 2418 vereamini,
635 2371 782 2413 fratres
803 2370 1086 2419 dilectissimi3
1114 2371 1201 2413 scio
1222 2373 1333 2414 enim
1351 2373 1448 2430 quia

97 2442 302 2499 quidquid
324 2456 466 2498 passus
487 2441 627 2490 suero,
659 2457 735 2499 pro
768 2441 935 2484 Christo
962 2441 1107 2499 patiar.
1143 2442 1195 2484 Et
1222 2443 1303 2501 legi
1336 2445 1449 2500 quod

97 2527 167 2556 eos
187 2512 336 2555 timere
356 2527 439 2554 non
458 2513 657 2560 debeam,
682 2513 752 2569 qui
779 2521 955 2571 possunt
978 2526 1149 2555 carnem
1168 2515 1375 2558 occidere.
1394 2515 1447 2558 Et

145 2613 153 2627 ¹
177 2604 253 2635 Luc.
276 2613 343 2641 xlx,
360 2603 410 2635 55.
434 2623 467 2628 —-
488 2613 499 2627 ¹
521 2604 638 2636 matth.
662 2615 708 2643 xx,
729 2604 780 2637 28.
798 2623 837 2629 -
855 2606 865 2626 ³
882 2604 1000 2647 Philip.
1021 2614 1042 2640 ι,
1060 2603 1108 2636 23.
