1774 3158
307 231 355 258 10
849 228 878 255 S.
921 227 1112 255 AMBROSH

306 315 391 349 tum
410 340 419 355 ‚
441 307 511 349 sed
535 306 660 347 etiam
685 306 894 362 prolixum
918 307 1011 347 vitae
1037 314 1200 361 tempus
1231 305 1442 361 rogasses!
1476 304 1650 348 Potuisti

307 391 436 417 annos
454 375 657 432 plurimos
682 375 905 432 impetrare
929 375 1115 423 vivendi,
1144 374 1213 430 qui
1251 374 1421 430 potuisti
1448 388 1654 416 commea-

304 453 392 486 tum
427 444 651 500 impetrare
684 444 891 486 veniendi.
933 444 984 485 Et
1020 444 1188 499 quidem
1233 443 1306 485 tibi
1330 477 1338 491 ‚
1388 443 1652 499 omnipotens

301 523 456 555 aeterne
489 514 600 556 Deus
623 547 633 562 ,
665 514 817 570 gratias
841 528 940 570 ago,
967 515 1080 569 quod
1112 515 1177 555 vel
1208 514 1295 554 haec
1317 514 1436 554 nohis
1459 528 1653 571 suprema

303 585 448 626 solatia
473 599 555 625 non
581 585 761 640 negasti,
799 585 910 640 quod
945 584 1214 625 amantissimi
1251 583 1388 625 fratris
1417 600 1467 626 ex
1503 584 1653 626 Siculis

302 654 558 697 Africanisve
578 655 819 710 regionibus
837 663 1078 711 exoptatum
1094 654 1213 694 nobis
1228 654 1408 695 reditum
1421 654 1651 701 contulisti;

303 724 357 765 ita
385 723 495 765 enim
519 732 699 773 mature,
722 732 941 781 postquam
956 724 1084 772 venit,
1102 733 1269 780 ereptus
1288 732 1374 772 est;
1398 724 1653 782 quasiprop-

300 803 363 835 ter
384 794 464 835 hoc
483 795 617 834 solum
630 794 844 835 videretur
865 809 954 836 esse
970 795 1124 835 dilatus
1139 827 1148 841 ‚
1175 801 1219 834 ut
1244 793 1295 834 ad
1316 793 1462 835 fratres
1478 794 1646 836 rediret.

359 863 513 906 XVIII.
553 865 696 905 Habeo
720 866 844 921 plane
875 865 1024 921 pignus
1051 879 1217 912 meum,
1260 865 1373 920 qnod
1406 865 1521 906 nulla
1552 864 1654 905 mihi

299 934 579 991 peregrinatio
602 934 687 990 jam
712 934 842 992 possit
864 935 1042 975 avellere
1071 949 1078 974 ε
1103 933 1236 974 habeo
1260 948 1361 989 quas
1382 935 1654 991 complectar,

302 1004 496 1059 reliquias
524 1018 533 1044 ε
563 1003 697 1045 habeo
721 1005 958 1052 tumulum,
987 1019 1112 1060 quem
1139 1018 1316 1060 corpore
1340 1012 1476 1060 tegam
1497 1037 1505 1055 ,
1524 1004 1658 1045 habeo

300 1073 540 1129 sepulcrum
559 1106 569 1121 ‚
612 1088 738 1130 super
768 1074 882 1129 quod
913 1073 1105 1129 jaceam;
1141 1081 1182 1114 et
1209 1074 1660 1116 commendabiliorem

305 1143 393 1185 Deo
417 1142 605 1183 futurum
629 1158 718 1184 esse
742 1158 809 1183 me
828 1145 997 1184 credam
1017 1177 1026 1191 ‚
1049 1145 1160 1199 quod
1180 1158 1303 1200 snpra
1321 1144 1455 1186 sancti
1473 1143 1661 1200 corporis

308 1227 398 1254 ossa
422 1212 697 1268 requiescam.
732 1213 898 1254 Utinam
924 1214 981 1254 sic
1005 1213 1238 1270 potuissem
1264 1214 1460 1254 adversus
1481 1221 1661 1255 mortem

307 1297 473 1339 quoque
504 1290 618 1323 tuam
647 1297 787 1323 meum
817 1297 970 1339 corpus
1007 1282 1215 1338 objicere!
1251 1282 1292 1323 Si
1325 1283 1470 1339 gladiis
1507 1282 1661 1339 petitus

307 1368 418 1394 esses
440 1386 450 1400 ‚
471 1367 538 1394 me
560 1367 635 1409 pro
660 1361 700 1394 te
717 1353 856 1409 potius
879 1353 1160 1409 suffigendum
1184 1352 1388 1394 dedissem
1420 1367 1429 1394 ε
1460 1352 1492 1394 si
1509 1367 1660 1394 exeun-

304 1432 388 1465 tem
428 1424 654 1480 potuissem
690 1438 888 1465 revocare
925 1425 1127 1472 animam,
1177 1437 1316 1464 meam
1355 1423 1495 1480 potius
1533 1423 1660 1465 obtu-

305 1493 459 1535 iissem.

364 1561 482 1604 XIX.
523 1562 633 1604 Nihil
670 1562 773 1604 mihi
810 1563 970 1620 profuit
1001 1564 1170 1606 ultimos
1201 1564 1388 1607 hausisse
1418 1562 1656 1610 anhelitus,

303 1631 409 1674 nihil
446 1632 569 1674 ssatus
609 1633 649 1674 in
679 1648 724 1675 os
745 1634 965 1690 inspirasse
982 1634 1176 1677 morienti
1202 1637 1285 1692 (5);
1316 1633 1514 1691 putabam
1549 1632 1661 1675 enim

307 1704 422 1760 quod
445 1712 513 1745 aut
542 1712 655 1745 tuam
680 1713 860 1746 mortem
878 1706 962 1762 ipse
980 1707 1235 1763 susciperem
1253 1740 1262 1755 ‚
1291 1714 1359 1748 aut
1382 1720 1518 1746 meam
1534 1705 1662 1745 vitam

308 1775 350 1815 in
372 1782 412 1815 te
435 1774 523 1830 ipse
545 1774 897 1817 transfunderem.
919 1775 954 1817 O
971 1776 1148 1817 infelicia
1172 1777 1260 1825 illa,
1283 1777 1354 1817 sed
1367 1783 1507 1816 tamen
1524 1773 1662 1815 dulcia

309 1859 504 1901 suprema
538 1845 780 1886 osculorum
815 1845 1014 1902 pignora!
1041 1846 1078 1888 O
1104 1847 1317 1902 amplexus
1354 1842 1518 1892 miseri,
1555 1843 1663 1884 inter

309 1928 412 1969 quos
435 1915 676 1955 exanimum
705 1930 859 1972 corpus
892 1916 1101 1972 obriguit,
1135 1915 1289 1957 halitus
1324 1928 1544 1971 supremus
1572 1927 1663 1954 eva-

306 1984 423 2026 nuit!
450 1983 717 2041 Stringebant]
744 1985 913 2040 quidem
940 1985 1111 2026 brachia
1130 2019 1139 2034 ‚
1164 1986 1236 2027 sed
1257 1985 1341 2042 jam
1365 1982 1631 2041 perdideram
1650 2016 1659 2031 ‚

307 2067 432 2108 quem
460 2054 682 2101 tenebam;
709 2062 750 2095 et
772 2064 1007 2095 extremum
1031 2055 1222 2111 spiritum
1249 2069 1320 2096 ore
1346 2053 1664 2109 relegebam,nt

310 2124 570 2165 consortium
594 2125 742 2166 mortis
767 2124 995 2166 haurirem.
1021 2125 1103 2166 Sed
1126 2124 1267 2166 nescio
1290 2124 1502 2180 quomodo
1529 2123 1662 2164 vitalis

308 2194 376 2234 ille
394 2193 497 2234 mihi
521 2193 675 2235 halitus
696 2194 831 2235 sactus
853 2203 940 2243 est,
967 2203 1008 2236 et
1037 2194 1240 2250 majorem
1276 2194 1451 2251 gratiam
1490 2193 1530 2234 in
1574 2193 1661 2249 ipsa

306 2271 443 2304 morte
467 2264 696 2304 redolebat.
730 2264 870 2319 Atque
894 2265 1054 2305 utinam
1075 2264 1107 2304 si
1130 2273 1242 2305 tuam
1269 2263 1438 2319 nequivi
1462 2276 1557 2303 meo
1581 2261 1660 2318 spi-

306 2332 388 2373 ritu
408 2333 535 2374 vitam
554 2335 808 2389 producere,
838 2335 902 2375 vel
929 2334 1064 2374 ultimi
1084 2334 1291 2375 anhelitus
1314 2333 1373 2375 tui
1395 2333 1512 2389 vigor
1534 2339 1664 2372 trans-

303 2402 419 2443 fundi
443 2403 645 2458 potuisset
665 2404 706 2444 in
729 2418 867 2445 meam
889 2413 1074 2446 mentem
1091 2437 1101 2452 ,
1125 2412 1166 2445 et
1182 2405 1295 2445 illam
1319 2404 1376 2445 tui
1398 2403 1525 2445 animi
1548 2402 1658 2459 puri⁴

308 2480 434 2513 tatem
460 2481 584 2529 atque
613 2473 898 2515 innocentiam
926 2483 1069 2516 noster
1092 2474 1289 2530 spirasset
1319 2473 1518 2516 affectus!
1543 2472 1662 2513 llanc

308 2542 408 2583 mihi
429 2542 735 2592 haereditatem,
762 2544 889 2586 frater
910 2544 1176 2594 charissime,
1204 2545 1456 2602 reliquisses,
1473 2557 1564 2601 quae
1576 2556 1662 2584 non
