1774 3158
276 253 359 295 258
826 263 859 291 s.
899 264 1091 293 AMBROSH

331 342 505 387 LXXII.
545 340 794 384 Ambrosius
820 342 1040 398 episcopus
1079 340 1180 382 dixit
1210 355 1219 381 :
1250 338 1332 391 Qui
1366 338 1621 396 dicitipsum

271 413 438 456 Patrem
465 412 642 460 Filium,
669 411 895 467 sacrilegus
919 420 993 453 est.
1022 412 1113 452 Hoc
1139 426 1158 452 a
1184 419 1222 452 te
1250 424 1415 466 quaero,
1439 417 1486 450 ut
1508 411 1622 450 dicas

270 485 321 525 de
343 483 431 525 Deo
450 498 548 524 vero
570 484 706 523 Deum
734 497 878 523 verum
898 482 967 523 Dei
990 482 1140 522 Filium
1172 490 1331 521 natum.

329 553 619 594 Secundianus
652 552 786 592 dixit:
822 551 906 608 Ego
938 551 1090 593 Filium
1131 566 1150 591 a
1197 551 1284 591 Deo
1311 549 1525 607 genitum,
1565 548 1623 590 di-

268 631 391 665 cente
411 624 533 666 Patre
561 639 601 665 :a
616 622 751 664 Genni
777 623 834 663 [θ’
855 640 865 671 ;
886 642 899 661 n
922 632 963 663 et
984 621 1213 664 confitente
1233 637 1275 663 se
1292 621 1482 679 genuisse
1500 654 1510 670 ‚
1535 620 1624 662 uni-

268 693 457 750 genitum
479 693 556 736 Dei
578 709 724 735 verum
743 709 832 734 esse
859 693 966 735 dico.

320 761 515 805 LXXIII.
552 763 801 804 Ambrosius
824 762 1048 820 episcopus
1073 762 1203 805 dixit:
1228 761 1264 804 A
1281 763 1367 804 Deo
1391 776 1490 804 vero
1511 760 1624 803 Deus

263 847 386 875 verus
409 832 504 875 est?

321 901 613 944 Secundianns
652 902 787 943 dixit:
814 903 866 944 Et
909 917 1007 945 cum
1044 902 1206 944 nomini
1234 902 1360 945 etiam
1395 901 1542 951 addis,
1581 908 1625 943 et

263 985 436 1018 verum3
467 971 584 1013 audis
603 972 736 1027 qualis
758 972 798 1012 in
824 980 864 1013 te
884 971 985 1014 sides
1008 973 1083 1021 sit,
1109 983 1152 1015 et
1176 973 1439 1015 Christianus
1458 970 1531 1013 esi¹

321 1041 530 1082 Eusebius
552 1042 777 1098 episcopus
802 1042 904 1083 dixit
927 1058 936 1083 :
961 1043 1043 1094 Qui
1069 1044 1234 1099 negavit
1261 1044 1379 1085 illum
1404 1044 1538 1084 Deum
1557 1056 1625 1083 ve-

261 1125 356 1152 rum
375 1111 393 1152 Ξ)
410 1111 557 1154 Arrius
580 1121 621 1153 et
642 1112 850 1153 Palladius
869 1114 1048 1170 negavit.
1070 1114 1133 1156 Tu
1156 1113 1187 1156 si
1206 1114 1341 1156 Deum
1359 1128 1505 1156 verum
1530 1127 1626 1155 cre-

263 1182 341 1229 dis,
368 1183 498 1224 debes
522 1182 771 1239 simpliciter
799 1183 1032 1239 designare.
1609 1182 1613 1186 ’

321 1252 513 1296 LXXIV.
534 1253 783 1296 Ambrosius
802 1253 1160 1311 episcopusdixit:
1176 1253 1312 1296 Sinon
1327 1253 1479 1296 dixeris
1490 1254 1624 1295 Deum

262 1340 409 1367 verum
438 1323 489 1365 de
506 1324 595 1366 Deo
620 1339 718 1365 vcro
739 1333 883 1366 nalum
909 1341 1024 1376 esse,
1049 1326 1264 1367 Christum
1290 1326 1464 1383 negasti.

323 1393 617 1435 secundianus
643 1394 745 1436 dixit
766 1410 774 1435 :
802 1394 1090 1453 Interrogatus
1113 1398 1165 1438 de
1186 1396 1313 1444 Filio,
1334 1396 1429 1437 dedi
1454 1409 1626 1451 respon-

260 1480 355 1507 sum
379 1481 386 1504 :
409 1465 770 1522 quemadmodum
795 1467 992 1507 deberem
1016 1466 1227 1524 profiteri,
1253 1467 1467 1524 respondi.
1490 1466 1624 1509 Habe-

262 1550 355 1578 mus
381 1544 560 1577 vestram
585 1537 891 1592 expositionem
911 1569 920 1586 ‚
947 1537 1190 1587 afferemus,
1217 1539 1394 1595 legatur.

320 1607 572 1648 Ambrosius
592 1607 695 1648 dixit
716 1622 724 1648 ε
758 1608 890 1649 Hodie
915 1607 1065 1650 afferre
1091 1609 1297 1650 debueras
1313 1642 1322 1657 ,
1352 1617 1554 1650 caekerum
1577 1616 1623 1650 tu

261 1677 552 1734 subterfugere
586 1678 766 1719 conaris.
793 1679 1100 1720 professionem
1127 1695 1147 1721 a
1178 1695 1247 1721 me
1271 1679 1399 1736 exigis
1425 1693 1435 1720 :
1462 1687 1503 1721 et
1524 1693 1627 1736 pro-

259 1746 484 1789 fessionem
505 1763 524 1788 a
559 1755 596 1788 te
614 1748 748 1803 exigo.
778 1750 887 1790 Deus
911 1765 1033 1791 verus
1060 1758 1123 1792 est
1140 1750 1216 1792 Dei
1239 1749 1399 1791 Filius?

319 1817 614 1858 Secundianus
639 1818 740 1858 dixit
766 1833 775 1859 :
801 1819 1049 1877 [nigenitns
1072 1828 1134 1861 est
1165 1821 1277 1861 Deus
1297 1819 1372 1861 Dei
1399 1818 1542 1862 Filius.
1571 1818 1624 1861 Et

259 1903 336 1946 ego
361 1903 459 1929 eum
483 1888 696 1945 interrogo
721 1904 730 1930 ;
760 1889 1008 1946 [nigenitns
1031 1890 1128 1932 cst?

319 1958 489 2001 LXXV.
531 1959 782 2000 Ambrosius
816 1961 1040 2018 episcopus
1066 1962 1168 2003 dixit
1197 1977 1205 2002 :
1229 1961 1350 2004 Ratio
1378 1966 1623 2017 permoveat

261 2045 337 2072 nos
354 2064 363 2079 ‚
389 2039 430 2072 et
448 2030 640 2086 impietas
657 2039 698 2072 et
722 2031 957 2088 insipientia
978 2041 1062 2074 tna.
1081 2032 1187 2074 Cum
1202 2032 1306 2073 dicis
1320 2032 1455 2073 Deum
1474 2044 1622 2072 veram

258 2099 524 2157 unigenitum
540 2133 550 2148 ‚
578 2115 661 2141 non
685 2101 820 2142 Deum
846 2118 991 2143 verum
1013 2103 1142 2144 dicis:
1165 2104 1237 2144 sed
1256 2117 1402 2144 verum
1426 2100 1625 2157 unigeni-

259 2181 362 2214 tum.
392 2170 453 2212 Ae
476 2186 551 2227 per
574 2170 655 2212 hoc
672 2203 682 2218 ‚
716 2180 761 2212 ut
785 2172 904 2214 istam
935 2173 1092 2215 adimas
1124 2174 1398 2230 quaestionem
1414 2205 1426 2224 ,
1456 2173 1511 2214 ita
1534 2187 1624 2213 res-

259 2243 398 2299 ponde
427 2256 435 2282 :
468 2241 529 2282 Ex
555 2243 643 2283 Deo
663 2257 761 2283 vero
785 2245 894 2285 Deus
919 2260 1038 2286 verns
1061 2246 1152 2286 est?

318 2311 612 2353 Secundianus
637 2312 768 2353 dixit:
793 2313 902 2371 Ergo
929 2316 1036 2356 Dens
1054 2316 1188 2356 Deum
1212 2330 1297 2358 non
1318 2316 1462 2373 genuit
1479 2316 1624 2360 PDeus

259 2397 382 2424 verus
416 2382 484 2423 ille
507 2383 577 2438 qui
602 2392 690 2432 est,
720 2386 834 2440 quod
861 2394 948 2435 est,
974 2387 1149 2442 genuit:
1179 2402 1309 2428 unum
1333 2402 1501 2436 verum,
1527 2387 1625 2432 uni-

258 2453 448 2511 genitum
471 2453 626 2495 Filium
646 2456 819 2511 gennit?

317 2525 567 2567 Ambrosius
594 2526 696 2567 dixit
713 2525 732 2567 ἐ
759 2526 852 2568 Non
876 2527 1091 2570 confiteris
1112 2529 1248 2571 Deum
1271 2544 1444 2581 verum,
1471 2531 1544 2573 sed
1562 2530 1622 2574 vis

296 2626 304 2641 ¹
329 2616 414 2648 P>a¹.
434 2627 497 2648 cix.
517 2615 548 2647 3.
