1774 3158
315 162 368 201 30
859 172 888 199 s.
929 171 1120 199 Anienem

315 252 369 293 ris
386 284 396 300 ,
425 259 465 292 et
489 258 576 291 toto
603 257 641 290 te
668 248 806 290 animo
832 264 878 290 ac
901 258 1044 291 mente
1061 251 1336 307 complector,
1363 250 1539 307 aspicio,
1564 251 1664 293 allo-

316 336 438 376 quor,
464 319 648 367 osculor,
673 319 986 375 comprehendo
1017 320 1079 361 vel
1102 319 1142 360 in
1166 319 1250 376 ipsa
1268 319 1407 376 quiete
1431 329 1635 362 nocturna
1654 354 1663 369 ,

315 391 381 431 vel
404 389 444 430 in
470 390 565 430 luce
588 389 728 436 clara3
753 403 850 430 cum
873 388 1052 430 revisere
1075 396 1116 429 et
1138 388 1344 430 consolari
1368 389 1549 446 dignaris
1566 405 1667 431 moe-

317 466 494 500 rentem.
522 457 712 514 Denique
735 458 831 515 ipsae
847 458 933 514 jam
950 467 1117 507 noctes,
1138 474 1228 515 quae
1252 460 1366 515 quasi
1389 460 1666 509 molestiores,

320 527 483 569 vivente
513 536 576 576 te,
605 527 881 576 videbantur3
915 530 1030 584 quod
1056 530 1190 570 mutui
1226 539 1479 587 conspectus
1505 530 1669 587 copiam

320 598 607 655 denegarent:
634 598 721 655 ipse
751 597 837 654 jam
876 613 1048 640 somnus
1082 600 1389 655 colloquiorum
1428 609 1670 642 nostrorum

323 669 483 709 dudum
517 669 774 725 interruptor
804 668 1040 710 inamabilis
1058 701 1067 716 ,
1104 670 1238 710 dulcis
1274 685 1362 711 esse
1398 670 1483 725 jam
1520 669 1667 728 coepit3

323 738 417 794 quia
442 747 482 780 te
507 738 609 780 mihi
632 738 826 780 reddidit.
856 738 948 780 Non
974 739 1098 796 igitur
1119 740 1283 788 miseri,
1306 741 1378 782 sed
1406 740 1540 789 beati3
1567 756 1673 798 quo·—

323 823 416 850 rum
440 823 518 850 nec
538 808 756 865 praesentia
780 807 923 849 deficit
943 840 953 855 ‚
979 823 1057 849 nee
1085 823 1183 850 cura
1205 809 1423 859 minuitur,
1442 818 1484 852 et
1500 818 1674 867 augetur

323 878 465 936 gratia.
502 879 668 921 Etenim
693 879 827 920 somni
848 879 992 920 similis
1017 879 1151 936 imago
1179 880 1336 922 mortis.

384 949 578 991 LXXIII.
621 950 747 1000 Quod
776 950 808 992 si
840 949 880 991 in
912 950 1050 1006 quiete
1082 959 1288 993 nocturna
1324 952 1501 994 vinculis
1537 952 1674 994 adhuc

326 1019 537 1076 corporeis
561 1019 836 1069 inhzerentes,
870 1028 910 1062 et
943 1020 1059 1076 quasi
1097 1021 1204 1063 inter
1231 1022 1459 1063 carceraria
1496 1021 1675 1078 religatae

326 1092 505 1131 claustra
525 1090 838 1138 membrorum;
865 1099 1039 1147 possunt
1059 1100 1197 1132 tamen
1216 1091 1362 1133 animae
1381 1092 1526 1133 altiora
1544 1100 1584 1133 ct
1603 1091 1678 1133 dis·

328 1169 441 1202 creta
478 1160 713 1217 perspicere
743 1175 751 1200 :
779 1169 935 1216 quanto
958 1161 1089 1217 magis
1112 1171 1303 1218 spectant
1325 1163 1438 1211 haec,
1470 1178 1564 1204 cum
1588 1162 1674 1218 jam

325 1244 431 1286 puro
453 1229 722 1285 aethereoque
741 1245 863 1271 sensu
884 1231 996 1272 nulla
1018 1245 1230 1287 corporeae
1252 1232 1355 1274 labis
1378 1232 1677 1289 impedimenta

323 1300 815 1356 patiunturi’Meritoque
832 1301 934 1342 mihi
954 1302 1253 1357 conquerenti,
1279 1312 1476 1360 vergente
1492 1304 1675 1360 quodam

324 1370 409 1426 jam
438 1371 480 1412 in
512 1385 709 1412 occasum
743 1371 834 1419 die,
872 1372 986 1427 quod
1016 1386 1098 1412 non
1133 1373 1331 1414 reviseres
1361 1373 1673 1428 quiescentem,

327 1449 438 1482 tolus
460 1441 575 1482 omni
593 1450 783 1498 tempore
814 1441 1053 1482 individuus
1083 1440 1261 1490 affuisti3
1288 1443 1342 1483 ita
1368 1452 1413 1484 ut
1441 1443 1509 1485 illo
1531 1442 1675 1500 persu-

327 1527 395 1554 sus
415 1527 564 1570 sopore
595 1512 885 1553 membrorum
903 1545 912 1560 ,
949 1527 1047 1553 cnm
1072 1527 1148 1569 ego
1171 1512 1384 1569 vigilarem
1416 1514 1491 1555 tibi
1509 1547 1518 1562 ,
1550 1523 1593 1555 tu
1618 1513 1678 1554 vi-

327 1596 444 1624 veres
462 1581 565 1623 mihi
584 1613 595 1634 ‚
618 1581 804 1623 dicerem
833 1597 839 1621 ε
869 1581 983 1633 Quid
1001 1590 1062 1623 est
1084 1597 1219 1631 mors,
1242 1582 1403 1624 frater?
1426 1583 1530 1625 Nam
1564 1590 1680 1624 certe

327 1650 453 1694 nullis
480 1666 501 1693 a
518 1666 585 1693 me
608 1652 856 1708 separabare
879 1652 1129 1700 momentis3
1156 1651 1212 1694 ita
1228 1653 1338 1693 enim
1355 1653 1510 1709 ubique
1529 1661 1678 1709 praesto

328 1737 419 1763 eras
438 1754 447 1770 ‚
471 1729 517 1763 ut
538 1736 661 1777 quam
687 1722 727 1763 in
747 1721 864 1763 istius
888 1721 980 1763 vitae
1004 1737 1080 1762 usu
1104 1722 1260 1763 habere
1278 1722 1410 1763 nostri
1429 1722 1592 1779 copiam
1607 1737 1672 1762 ne-

331 1793 574 1849 quibamus,
607 1807 721 1834 nunc
748 1792 868 1834 nobis
888 1807 1054 1849 semper
1071 1802 1111 1834 et
1134 1793 1291 1849 ubique
1312 1801 1461 1851 praesto
1485 1793 1546 1834 sit.
1575 1792 1680 1834 Nam

332 1871 432 1904 tunc
463 1862 608 1918 utique
629 1862 768 1904 onmia
792 1871 944 1919 praesto
968 1878 1058 1904 csse
1087 1878 1171 1904 non
1196 1871 1412 1920 poterant3
1450 1879 1529 1905 nec
1566 1863 1679 1904 enim

331 1933 641 1989 complexiones
674 1940 848 1980 nostrae,
888 1941 1223 1990 conspectusque
1246 1942 1286 1974 et
1314 1934 1556 1975 osculorum
1592 1947 1682 1974 cor-

331 2003 536 2061 poralium
561 2002 783 2044 suavitates
807 2003 908 2045 locis
931 2003 1126 2045 omnibus
1149 2013 1190 2045 et
1208 2004 1403 2046 omnibus
1422 2003 1679 2061 temporibus

329 2073 618 2131 suppetebant.
642 2073 889 2115 Animorum
908 2073 1106 2130 imagines
1125 2089 1291 2131 semper
1304 2074 1524 2116 nobiscum
1542 2082 1678 2124 erant,

331 2144 455 2185 etiam
479 2144 648 2200 quando
666 2157 749 2185 non
767 2158 934 2184 eramus
951 2158 1033 2184 una
1058 2158 1066 2184 :
1086 2159 1178 2199 quae
1201 2159 1253 2186 ne
1276 2158 1389 2185 nunc
1412 2143 1580 2200 quidem
1604 2158 1679 2185 oc—

332 2213 553 2262 ciderunt,
581 2213 831 2270 assiduoque
859 2213 1075 2262 advolant,
1096 2228 1178 2270 quo
1201 2213 1360 2271 majore
1386 2213 1610 2263 desiderio,
1631 2228 1679 2255 eo

329 2282 488 2337 majore
512 2283 644 2341 copia.

389 2353 582 2397 LXXIV.
619 2354 760 2396 Teneo
785 2354 910 2411 igitur
936 2362 998 2403 te,
1023 2354 1165 2404 frater,
1193 2369 1271 2396 nec
1294 2354 1396 2397 mihi
1420 2363 1459 2397 te
1479 2363 1548 2397 aut
1566 2370 1678 2397 mors

333 2431 404 2465 aut
423 2432 588 2481 tempus
613 2426 775 2466 avellet.
802 2424 906 2481 lpsae
929 2425 1071 2466 dulces
1093 2426 1289 2482 lacrymae
1311 2433 1409 2467 sunt
1425 2458 1435 2474 ‚
1457 2424 1532 2482 ipsi
1554 2425 1678 2466 fletus

329 2492 522 2550 jucundi,
540 2493 691 2551 quibus
707 2493 982 2552 restinguitur
999 2493 1123 2537 ardor
1141 2495 1267 2537 animi
1287 2529 1296 2545 ‚
1321 2503 1360 2538 et
1383 2495 1499 2553 quasi
1517 2496 1677 2538 relaxa-
