1774 3158
313 219 396 271 254
854 232 885 260 s.
926 232 1120 261 Atianosn

307 310 514 353 Palladius
538 319 773 353 conventus
791 310 830 352 in
848 311 927 354 hac
947 327 1062 353 sacra
1079 311 1251 368 Synodo
1271 310 1549 368 Aquileiensi,
1566 311 1661 368 quia

310 381 445 423 noluit
468 396 510 422 se
534 381 744 438 corrigere
767 383 832 424 vel
856 384 1080 424 emendare
1105 396 1113 422 :
1141 384 1212 423 scd
1235 382 1364 438 magis
1383 383 1577 439 probavit
1596 396 1664 422 re-

309 452 636 510 prehensibilem
656 485 665 500 ,
703 461 744 494 et
771 468 823 495 so.
845 454 1013 495 oletavit
1039 452 1234 509 persidia,
1270 467 1396 509 quam
1427 468 1470 494 se
1494 452 1665 509 publice

313 523 527 564 consessus
548 531 610 564 est
632 531 795 572 tenere,
816 523 928 565 hunc
955 523 1162 564 sententia
1186 538 1276 564 mea
1303 531 1344 564 ct
1366 538 1444 580 ego
1462 521 1666 580 profiteor

314 610 334 636 a
359 593 570 636 consortio
593 594 839 636 sacerdotali
859 609 948 636 esse
967 594 1232 650 privandum.

370 665 570 709 Maximus
598 665 819 722 episcopus
843 664 1091 706 Emouensis
1123 664 1210 719 (95)
1244 664 1346 706 dixit
1373 679 1382 705 t
1406 664 1664 711 Palladium,

315 738 385 795 qui
409 736 688 793 blasphemias
710 735 820 777 Arrii
847 750 922 776 nec
944 735 1143 776 damnare
1162 734 1319 783 voluit,
1342 736 1415 776 sed
1435 733 1564 791 magis
1581 733 1668 790 ipse

316 809 530 853 consessus
560 815 648 854 est,
680 805 788 861 juste
813 819 859 846 ac
892 805 1043 846 merito
1071 820 1159 846 esse
1188 805 1433 846 damnatum
1452 837 1463 855 ‚
1489 814 1531 847 et
1558 806 1668 847 Deus

317 879 457 926 novit,
474 887 516 920 et
533 877 720 919 fidelium
741 875 997 917 conscientia
1019 875 1331 916 condemnavit.

374 950 464 993 LX.
503 946 810 1004 Exuperantius
828 945 1049 1002 episcopus
1072 944 1345 987 Dertonensis
1375 944 1506 987 dixit:
1535 945 1671 988 Palla-

319 1021 432 1063 dium
446 1053 454 1067 ‚
474 1019 544 1075 qui
559 1026 715 1059 sectam
728 1015 836 1058 Arrii
854 1016 917 1056 vel
933 1014 1022 1070 ejus
1038 1015 1273 1056 doctrinam
1291 1016 1492 1056 damnare
1509 1015 1670 1061 noluit,

320 1091 393 1132 sed
416 1088 624 1136 defendit,
640 1095 686 1127 ut
705 1085 845 1128 caeteri
862 1092 1078 1126 consortes
1096 1084 1176 1126 mei
1202 1086 1525 1135 damnaverunt,
1545 1085 1672 1128 otiam

318 1169 360 1202 et
386 1174 462 1216 ego
491 1159 744 1200 condemno.

377 1230 600 1275 Bassianus
631 1228 852 1284 episcopus
886 1224 1116 1269 Laudensis
1143 1224 1245 1267 dixit
1272 1225 1456 1268 :Audivi
1488 1226 1595 1267 sicut
1632 1234 1675 1268 et

322 1301 463 1344 caeteri
486 1308 702 1342 consortes
722 1297 820 1347 mei,
838 1296 1070 1354 impietates
1088 1295 1212 1338 Arrii.
1236 1296 1350 1347 Quas
1366 1296 1573 1338 Palladius
1591 1311 1676 1338 non

323 1372 459 1414 solum
491 1385 576 1412 non
593 1367 917 1414 condemnavit,
944 1367 1016 1408 sed
1039 1364 1331 1408 confirmavit:
1356 1365 1426 1408 hic
1450 1365 1674 1408 anathema

323 1442 375 1485 sit
395 1475 404 1490 ,
428 1449 470 1483 et
496 1438 730 1482 sacerdotio
753 1437 999 1495 privabitur.

382 1512 492 1556 LXI.
530 1510 734 1553 Philaster
765 1508 985 1564 episcopus
1018 1506 1237 1548 Brixianus
1274 1507 1364 1564 (94)
1401 1506 1502 1548 dixit
1525 1521 1534 1548 τ
1556 1507 1677 1549 Blas-

325 1583 512 1642 phemias
535 1589 576 1623 et
599 1579 864 1636 iniquitatem
886 1577 1080 1626 Palladii,
1105 1576 1176 1632 qui
1199 1576 1420 1619 Arrianam
1442 1577 1678 1619 doctrinam

326 1654 514 1711 sequitur
535 1659 577 1693 et
605 1648 812 1696 defendit,
833 1662 915 1689 una
940 1661 1038 1688 cum
1061 1646 1259 1688 omnibus
1283 1661 1360 1703 ego
1382 1647 1673 1689 condemnavi.

386 1721 656 1765 Constantius
683 1719 904 1775 episcopus
925 1716 1223 1758 Sciscianensis
1255 1716 1341 1772 (95)
1377 1716 1478 1758 dixit
1505 1732 1514 1756 ε
1543 1716 1680 1759 Palla-

329 1796 469 1843 dium,
496 1792 567 1850 qui
596 1788 877 1848 blasphemias
901 1797 942 1830 et
972 1787 1206 1844 impietates
1229 1787 1339 1829 Arrii
1366 1802 1452 1830 non
1483 1788 1680 1830 condem-

328 1867 470 1915 navit,
491 1865 601 1907 sicut
621 1871 663 1905 et
686 1861 826 1904 caeteri
858 1861 1181 1903 consacerdotes
1210 1859 1320 1908 mei,
1353 1867 1395 1902 et
1420 1874 1497 1917 ego
1527 1874 1679 1902 censeo

330 1936 634 1980 damnandum.

389 2007 640 2051 Heliodorus
670 2005 895 2062 episcopus
920 2001 1161 2044 Altiniensis
1194 2003 1280 2059 (90)
1307 2001 1409 2044 dixit
1434 2017 1442 2042 :
1476 2001 1560 2053 Qui
1581 2016 1682 2058 per-

328 2079 471 2123 fidiam
499 2077 632 2126 Arrii,
657 2076 932 2131 omniumque
956 2074 1250 2116 haereticorum
1266 2106 1276 2122 ‚
1302 2087 1483 2129 quorum
1507 2087 1682 2115 consors

328 2159 390 2194 est
409 2149 617 2194 Palladius
633 2180 643 2196 ,
673 2146 794 2203 cujus
816 2144 1014 2201 insipieus
1043 2158 1141 2191 cor,
1168 2143 1238 2199 qui
1262 2143 1480 2185 veritatem
1514 2157 1599 2184 non
1621 2151 1683 2184 est

330 2220 568 2269 consessus,
597 2233 694 2259 cum
719 2215 877 2258 caeteris
896 2213 1268 2256 consacerdotibus
1293 2213 1397 2255 meis
1423 2213 1677 2254 condemno.

388 2291 519 2334 LXII.
557 2288 672 2330 Felix
687 2287 906 2344 episcopus
921 2285 1155 2326 Iadertinus
1177 2286 1264 2341 (97)
1284 2284 1386 2325 dixit
1405 2298 1413 2325 :
1430 2283 1680 2331 Palladium,

332 2361 403 2417 qui
429 2358 709 2416 blasphemias
732 2356 832 2398 dicit
856 2356 897 2398 in
918 2355 1071 2398 Filium
1099 2355 1208 2397 sicut
1225 2355 1372 2396 Arrius
1390 2387 1400 2402 ‚
1424 2368 1522 2397 cum
1543 2353 1684 2396 omni-

330 2432 410 2475 bus
434 2431 591 2488 pariter
617 2420 867 2471 condemno.

389 2503 639 2545 Theodorus
673 2499 894 2557 episcopus
926 2497 1230 2540 octodorensis
1263 2497 1365 2539 dixit
1391 2512 1400 2538 ι
1426 2495 1681 2544 Palladium,

330 2573 402 2630 qui
425 2571 640 2615 Christum
662 2569 799 2612 Deum
822 2583 985 2617 verum,
1001 2576 1257 2610 coaeternum
1275 2567 1384 2609 Patri
1406 2566 1586 2624 negavit,
1603 2581 1682 2608 ⁴nec
