1774 3158
264 228 347 270 360
809 244 840 270 s.
881 242 1073 270 AMBROSH

258 320 336 361 bus
373 319 499 361 etiam
528 320 696 361 clericis
719 319 819 376 jussi
842 320 1057 362 eruderari
1082 330 1236 362 terram
1259 321 1433 370 coloci,
1459 321 1527 378 qui
1550 330 1611 363 est

260 398 354 430 ante
395 391 607 431 cancellos
646 399 886 433 sanctorum
927 391 1079 432 Felicis
1104 399 1227 446 atque
1249 391 1440 433 Naboris.
1468 393 1611 433 Inveni

259 459 374 515 signa
403 459 720 501 convenientia:
743 460 939 502 adhibitis
963 460 1088 500 etiam
1107 460 1259 515 quibus
1277 475 1351 515 per
1367 476 1441 502 nos
1463 476 1612 502 manus

258 529 515 584 imponenda
535 529 645 570 soret
660 562 670 578 ,
705 529 763 571 sic
782 530 915 571 sancti
945 530 1147 585 Martyres
1172 529 1358 570 eminere
1374 539 1609 586 crepernut3

257 608 304 638 ut
328 598 466 639 adhuc
491 598 612 640 nobis
631 598 849 640 silentibus
865 632 874 647 ,
906 600 1162 655 arriperetur
1179 614 1282 639 urna
1300 632 1309 647 ‚
1344 607 1383 639 et
1403 609 1613 640 sternere-

258 677 329 709 tur
350 683 481 724 prona
501 669 708 710 adlocum
726 670 857 710 sancti
880 669 1074 726 sepulcri.
1102 670 1345 710 Invenimus
1370 670 1484 710 mirae
1503 685 1614 726 mag-

255 739 458 780 nitudinis
482 739 590 781 viros
621 740 724 780 duos
747 772 757 787 ,
794 748 840 780 ut
865 740 1000 796 prisca
1031 748 1129 780 zetas
1153 739 1326 780 screbat.
1352 739 1455 781 Ossa
1473 741 1613 781 onmia

256 810 416 867 integra
433 844 441 859 ,
466 810 678 866 sanguinis
700 810 944 867 plurimum.
964 812 1112 867 Ingens
1131 825 1362 851 concursus
1382 811 1521 869 populi
1541 826 1616 867 per

259 889 392 922 totum
413 882 515 922 illud
539 881 732 922 biduum.
758 880 870 931 Quid
894 881 1058 922 multa?
1082 881 1356 922 Condivimus
1379 882 1539 937 integra
1564 881 1615 921 ad

256 951 448 992 ordinem
465 985 473 999 ‚
493 951 784 992 transtulimus
806 966 980 1007 vespere
1002 951 1086 1007 jam
1117 952 1389 992 incumbente
1407 953 1459 993 ad
1480 950 1615 992 basili-

258 1036 351 1062 cam
383 1022 546 1062 Fanstae
583 1019 675 1061 :ibi
705 1020 851 1076 vigiliae
886 1029 968 1062 tota
1007 1030 1158 1067 nocte,
1196 1036 1345 1061 manns
1383 1022 1608 1078 impositio.

255 1091 457 1146 Sequenti
473 1091 539 1131 die
561 1090 857 1131 transtulimus
872 1106 919 1130 ea
946 1091 984 1130 iu
1004 1090 1238 1138 basilicam,
1260 1105 1385 1145 quam
1407 1091 1616 1147 appellant

257 1160 597 1202 Ambrosianam.
614 1161 726 1202 Dum
747 1160 1056 1208 transferimus,
1077 1176 1213 1202 caecus
1229 1169 1395 1202 sanatus
1409 1169 1483 1202 est.
1506 1161 1616 1202 Talis

257 1232 360 1272 inihi
384 1233 435 1272 ad
459 1232 662 1288 populum
684 1230 927 1271 suitsermO.

314 1303 385 1344 Ill.
427 1302 534 1343 Cum
580 1310 664 1342 tam
696 1301 873 1343 effusam
890 1334 900 1349 ,
932 1311 1100 1357 tamque
1153 1301 1382 1343 inauditam
1422 1300 1615 1342 conside-

260 1389 398 1415 rarem
437 1381 670 1414 conventus
706 1373 833 1414 vestri
868 1372 1187 1419 celebritatem,
1219 1381 1260 1413 et
1291 1372 1439 1414 divinze
1476 1372 1617 1428 gratim

259 1459 435 1486 munera
453 1477 462 1492 ‚
489 1458 581 1499 quae
604 1443 645 1483 in
668 1442 820 1484 sanctis
846 1442 1100 1499 martyribus
1117 1443 1394 1491 refulserunt,
1414 1442 1617 1498 imparem

256 1531 323 1557 me
341 1548 350 1562 ,
377 1514 536 1562 fateor,
563 1512 662 1554 huic
689 1513 857 1554 muneri
889 1512 1155 1569 judicabamg
1184 1528 1260 1554 nec
1284 1512 1372 1553 lieri
1402 1528 1545 1569 posse,
1573 1521 1618 1553 ut

259 1600 454 1627 sermone
484 1584 765 1631 absolverem,
801 1584 916 1639 quod
949 1583 1015 1624 vix
1045 1598 1266 1639 possumus
1306 1583 1443 1623 animo
1482 1583 1618 1623 inten-

261 1658 360 1697 dere
377 1686 388 1703 ,
412 1654 544 1696 oculis
568 1653 944 1709 comprehendere.
974 1652 1056 1694 Sed
1076 1653 1146 1694 nbi
1168 1662 1406 1694 sanctarum
1431 1653 1511 1709 legi
1533 1666 1619 1692 coe-

262 1726 323 1782 pit
340 1724 467 1765 series
495 1723 807 1779 Scripturatum
826 1755 836 1770 ‚
856 1723 1027 1778 largitus
1045 1731 1106 1764 est
1135 1722 1312 1779 Spiritus
1328 1729 1495 1762 sanctus
1512 1753 1522 1768 ,
1548 1720 1619 1776 qui

259 1798 428 1839 locutus
461 1802 524 1836 est
551 1794 590 1834 in
614 1793 832 1850 Prophetis
850 1827 859 1841 ‚
884 1809 968 1849 quo
993 1794 1164 1850 dignum
1189 1793 1345 1849 aliquid
1370 1801 1484 1833 tanto
1508 1800 1620 1832 coetu

259 1877 300 1910 et
327 1866 617 1924 expectatione
645 1872 803 1911 vestra,
837 1873 1158 1921 martyrumque
1187 1873 1431 1906 sanctorum
1460 1863 1619 1905 merit-is

256 1939 536 1996 proferamus.

319 2008 390 2050 IV.
430 2026 445 2047 ιι
469 2007 602 2056 Coeli,
630 2007 791 2065 inquit,
815 2015 1012 2049 enarrant
1041 2008 1216 2065 gloriam
1242 2005 1359 2049 Dei¹.
1383 2025 1398 2045 »
1428 2006 1533 2048 Cum
1557 2007 1620 2047 le-

257 2079 369 2136 gitur
393 2077 677 2126 hicPsalmus,
702 2079 889 2120 occurrit
905 2079 1016 2134 quod
1037 2093 1120 2119 non
1144 2087 1229 2118 tam
1251 2079 1458 2119 elementa
1484 2085 1619 2118 mate-

258 2149 375 2191 rialia
395 2182 403 2197 ,
433 2163 558 2204 quam
586 2148 770 2189 coelestia
788 2148 937 2189 merita
957 2149 1128 2205 dignum
1153 2148 1241 2189 Deo
1263 2147 1521 2204 prseconium
1545 2147 1620 2187 de-

255 2220 367 2261 ferre
393 2219 629 2260 videantur.
665 2219 880 2260 Hodierno
912 2228 1047 2260 tamen
1076 2219 1245 2260 fortuita
1278 2219 1462 2261 lectione
1487 2217 1622 2274 patuit

257 2289 328 2346 qui
351 2289 446 2333 coeli
464 2297 663 2329 enarrant
681 2289 855 2344 gloriam
875 2289 965 2330 Dei.
982 2289 1166 2346 Aspicite
1186 2290 1237 2330 ad
1255 2291 1445 2330 dextram
1464 2303 1618 2337 meam,

256 2359 429 2416 aspicite
459 2360 512 2400 ad
549 2358 759 2400 sinistram
794 2358 989 2415 reliquias
1024 2367 1312 2401 sacrosanctas
1339 2374 1347 2399 :
1374 2358 1512 2399 videte
1535 2372 1620 2398 coe-

249 2431 365 2472 lestis
404 2429 735 2471 conversationis
757 2429 891 2478 viros,
923 2438 1112 2486 spectate
1147 2430 1275 2471 animi
1312 2428 1503 2470 sublimis
1533 2436 1620 2469 tro-

255 2501 388 2558 phaea.
429 2499 500 2540 Isti
536 2508 635 2541 sunt
673 2500 765 2541 coeli
787 2533 796 2548 ‚
830 2500 899 2556 qui
940 2509 1138 2542 enarrant
1165 2500 1340 2557 gloriam
1377 2499 1490 2542 Dei:
1531 2497 1620 2540 haec

304 2601 312 2616 ¹
332 2593 417 2625 Psat.
437 2603 530 2629 xviii,
547 2604 578 2624 2.
