1774 3158
311 234 394 277 210
860 229 891 256 5.
932 229 1122 258 AMBROSH

305 312 408 359 iret,
431 317 474 353 et
496 307 610 351 unde
637 307 906 357 adventaret,
927 306 1170 364 respondit:
1197 306 1259 349 De
1283 307 1533 351 Bethlehem
1553 307 1663 351 Juda

306 388 519 428 revertor,
548 378 764 420 contendo
795 379 846 420 ad
875 385 1065 420 montem
1092 376 1315 433 Ephraem‚
1350 386 1391 420 et
1430 378 1580 420 mulier
1602 386 1665 420 est

306 465 476 494 mecum
500 466 509 490 ε
537 449 610 491 sed
635 463 737 490 ecce
765 448 848 490 huc
881 447 1054 496 diverti,
1081 456 1124 489 et
1149 462 1272 488 nemo
1307 455 1370 490 est
1391 448 1461 505 qui
1483 448 1664 504 hospitio

305 520 501 578 recipiat,
534 528 575 562 et
599 518 895 576 requiescendi
924 533 1048 560 usum
1090 517 1312 560 ministret.
1351 518 1443 561 Non
1471 534 1554 575 quo
1582 519 1664 560 cibi

309 599 380 634 aut
397 599 520 648 potus
542 590 643 638 sibi,
666 598 737 631 aut
755 589 901 646 pecori
918 589 1174 646 pabulorum
1197 596 1304 630 esset
1321 588 1572 646 indigentia,
1592 590 1665 630 sed

305 662 409 705 tecti
442 660 624 719 hospitio
657 660 991 719 prohiberentur
1026 675 1035 701 :
1075 667 1226 717 praesto
1261 674 1350 701 esse
1383 660 1473 707 illa,
1500 659 1662 701 nudum

304 734 408 778 tecti
439 733 670 792 hospitium
702 732 943 775 desiderari.
972 731 1038 774 Ad
1064 746 1114 773 ea
1141 731 1280 773 senior
1300 731 1481 788 benigue
1504 730 1602 773 satis
1621 739 1663 772 et

304 806 471 864 placide
496 821 505 845 :
529 805 613 847 Pax
630 837 639 852 ‚
664 802 824 860 inquit,
850 802 926 844 tibi
951 818 960 843 :
995 810 1037 843 et
1059 803 1241 852 succede
1268 801 1420 860 hospes
1446 802 1602 859 pariter
1622 810 1663 843 et

308 876 430 923 civis;
454 891 552 918 nam
571 883 613 917 et
634 874 737 916 mihi
769 874 885 930 origo
909 874 960 914 de
982 872 1138 914 montis
1165 872 1360 929 Ephraem
1390 871 1600 928 partibus,
1623 879 1665 912 et

305 947 376 990 hic
411 945 627 1003 hospitalis
653 943 890 986 habitatio:
917 945 989 985 sed
1013 952 1204 1000 tempore
1228 943 1428 984 diuturno
1459 941 1664 983 incolatus

305 1018 424 1059 sedes
455 1015 659 1058 fundavit.
693 1015 842 1070 Itaque
875 1021 1069 1070 receptos
1095 1013 1311 1055 domicilio
1339 1012 1572 1055 ministerio
1603 1011 1665 1054 sui

304 1097 347 1130 et
370 1086 565 1130 subsidiis
592 1085 873 1142 hospitalibus
897 1084 1012 1140 juxta
1040 1084 1156 1125 fovit.

365 1158 457 1201 Vll.
493 1157 752 1200 Hortabatur
774 1157 824 1197 ad
848 1155 1035 1197 laetitiam
1059 1155 1221 1204 senior,
1248 1163 1289 1197 et
1312 1155 1668 1212 frequentioribus

302 1229 561 1290 provocabat
587 1228 778 1286 poculis,
805 1235 850 1269 ut
881 1227 977 1268 vino
1006 1227 1195 1269 aboleret
1233 1241 1433 1269 curarum
1464 1227 1665 1276 oblivia¹3

310 1318 408 1346 cum
430 1301 569 1344 subito
593 1298 914 1342 circumsistunt
935 1312 1005 1340 eos
1024 1298 1291 1345 Gabaonitae‚
1308 1297 1484 1355 juvenes
1506 1299 1558 1340 ad
1581 1313 1670 1341 om-

308 1389 406 1418 nem
424 1372 604 1431 projecti
627 1370 848 1413 libidinem
864 1403 873 1418 ‚
898 1369 1002 1411 nihil
1025 1385 1204 1427 pensum
1232 1385 1280 1412 ac
1303 1371 1570 1413 moderatum
1593 1370 1671 1412 ha-

309 1447 457 1489 bentes
495 1460 503 1486 :
539 1458 643 1501 quos
686 1442 817 1483 forma
862 1441 1050 1483 mulieris
1090 1442 1300 1490 illexerat,
1334 1451 1376 1484 et
1416 1442 1458 1484 in
1501 1457 1671 1484 omnem

311 1515 534 1559 amentiam
566 1512 877 1571 praecipitabat3
913 1512 1025 1569 capti
1056 1512 1169 1554 enim
1205 1511 1296 1567 ejus
1326 1514 1500 1561 decore,
1526 1521 1568 1554 et
1596 1528 1672 1570 per

313 1593 574 1630 senectutem
598 1582 790 1639 hospitis,
811 1590 936 1638 atque
965 1581 1254 1624 infirmitatem
1280 1582 1478 1632 subsidii,
1500 1591 1672 1640 accepta

313 1674 385 1716 spe
401 1655 619 1714 potiundi,
650 1660 831 1711 poscunt
852 1653 1098 1701 mulierem,
1118 1662 1159 1694 et
1187 1653 1354 1710 pulsant
1375 1652 1561 1710 januam.

374 1728 481 1772 VIII.
519 1728 664 1783 Itaque
687 1739 877 1781 egressus
901 1723 1042 1766 senior
1062 1724 1238 1781 rogabat
1257 1739 1326 1765 eos
1342 1756 1353 1773 ‚
1376 1739 1427 1766 ue
1447 1724 1674 1782 hospitales

314 1815 479 1843 mensas
506 1798 615 1855 turpi
638 1795 794 1852 flagitio
817 1794 1068 1844 soedarent2,
1088 1803 1130 1837 et
1153 1796 1432 1837 reverendum
1459 1795 1523 1851 jus
1548 1794 1675 1838 etiam

316 1870 530 1915 indomitis
561 1869 839 1912 barbararum
865 1867 1056 1924 gentium
1084 1866 1324 1908 nationibus
1346 1866 1591 1909 violandum
1615 1881 1677 1909 ar-

316 1946 608 1988 bitrarentur:
649 1939 933 1982 contribulem
965 1937 1084 1980 illum
1119 1937 1220 1987 sibi,
1267 1938 1497 1980 Israelitem
1539 1938 1676 1980 virum

315 2016 490 2075 legitimi
514 2012 625 2056 thori
648 2010 874 2054 subnixum
898 2010 1049 2066 copula
1074 2024 1158 2051 non
1174 2009 1263 2051 sine
1285 2010 1573 2066 indignatione
1595 2025 1677 2052 eoe-

317 2088 432 2130 lestis
480 2083 627 2127 arbitri
668 2090 780 2123 tauta
814 2080 923 2122 affici
956 2081 1228 2122 contumelia.
1255 2081 1381 2132 Quod
1413 2081 1486 2122 ubi
1527 2096 1676 2138 parum

319 2158 551 2217 procedere
569 2153 772 2199 advertit,
793 2166 882 2192 esse
898 2151 975 2192 sibi
994 2150 1122 2193 filiam
1138 2150 1342 2208 virginem
1366 2150 1543 2208 adjecit,
1565 2151 1676 2194 illam

322 2245 364 2271 se
388 2227 540 2269 offerre
560 2223 722 2280 majore
747 2221 931 2280 parentis
950 2222 1117 2271 dolore,
1142 2222 1216 2263 sed
1239 2221 1402 2262 minore
1419 2220 1560 2279 gratiae
1583 2220 1679 2263 hos-

322 2299 460 2358 pitalis
495 2295 714 2354 dispendio
744 2309 752 2334 :
784 2294 1004 2351 publicum
1039 2292 1245 2349 flagitium
1275 2292 1438 2350 privato
1471 2291 1677 2335 dedecore

324 2368 582 2413 tolerabilius
615 2367 784 2408 babere.
815 2365 870 2405 At
907 2364 963 2405 illi
1000 2363 1197 2421 exagitati
1220 2371 1324 2405 aestu
1354 2363 1530 2412 suroris,
1554 2371 1596 2405 et
1617 2363 1680 2404 in-

322 2438 527 2484 flammati
556 2436 766 2480 incentivo
783 2434 969 2478 libidinis
983 2467 993 2482 ‚
1014 2450 1062 2476 eo
1083 2434 1260 2491 amplius
1280 2434 1484 2476 ardebant
1499 2433 1679 2475 formam

323 2512 558 2571 juvencula}
575 2543 584 2558 ‚
619 2523 702 2565 quo
747 2506 879 2563 magis
925 2505 1173 2563 negabatur.
1210 2504 1262 2546 Et
1304 2503 1472 2560 justitiae
1514 2512 1678 2547 exortes

368 2613 377 2628 ¹
400 2603 506 2635 Judic.
522 2614 585 2636 xix.
605 2612 654 2631 22.
676 2618 710 2621 —
729 2597 845 2629 ⁸1bi2¹.
870 2597 923 2636 23,
939 2597 989 2633 24.
