1774 3158
273 200 353 243 13ss
821 217 850 243 s.
893 217 1083 245 Αιιιιιιοειι

271 309 371 352 gum
403 295 584 344 locavit,·
618 303 664 336 ut
692 309 795 338 crux
823 295 976 339 Christi
1009 297 1048 338 iu
1081 297 1246 353 regibus
1278 297 1487 338 adoretur.
1519 296 1611 339 Non

273 368 495 410 insolentia
515 366 606 414 ista,
623 367 694 407 sed
714 366 843 423 pietas
860 376 945 416 est,
968 382 1062 408 cum
1083 368 1267 408 ‹lesertur
1284 381 1412 409 sacrae
1429 369 1616 424 redemp-

270 437 388 480 tioni.
429 437 570 479 Bonus
596 436 737 492 itaque
769 437 910 478 clavus
945 436 1121 479 Romani
1155 436 1343 492 imperii,
1379 437 1449 493 qui
1484 441 1616 478 totum

267 507 375 564 legit
394 507 562 556 orbem,
599 521 646 548 ae
668 507 791 548 vestit
812 507 1051 564 principum
1070 506 1250 548 frontem
1269 524 1279 554 ;
1304 515 1351 548 ut
1372 506 1453 548 sint
1469 507 1619 564 praedi-

275 585 463 626 catores,
504 577 574 634 qui
605 585 897 634 persecutores
930 592 1020 619 esse
1048 586 1371 620 consueverunt.
1410 577 1540 620 Recte
1578 578 1620 619 in

269 648 406 706 capite
443 649 586 690 clavus
606 680 616 697 ,
650 656 697 689 ut
729 647 802 689 ubi
836 662 981 689 sensus
1011 656 1099 695 est,
1125 647 1182 688 ibi
1215 647 1266 688 sit
1287 647 1540 704 praesidium.
1572 648 1621 689 In

269 717 427 759 vertice
457 732 633 765 corona,
663 716 703 758 in
736 716 933 758 manibus
968 717 1143 759 habena.
1185 716 1350 759 Corona
1379 718 1429 758 de
1466 731 1619 766 cruce,

269 795 317 828 ut
338 786 441 829 fides
462 788 601 829 luceat
624 802 632 827 ε
654 785 816 828 habena
844 801 1011 844 quoque
1035 789 1085 828 de
1110 801 1258 836 cruce,
1284 795 1332 829 ut
1354 794 1536 843 potestas
1553 801 1621 828 re-

270 866 340 914 gat
363 873 372 899 ε
398 858 532 914 sitque
555 858 664 914 justa
685 858 946 907 moderatio,
978 873 1061 899 non
1089 857 1242 913 injusta
1269 857 1510 915 praeceptio.
1538 857 1626 899 Ha-

269 928 398 969 beant
417 928 498 969 hoc
522 928 646 969 etiam
676 927 889 984 principes
909 927 1063 969 Christi
1086 928 1163 969 sihi
1185 927 1436 970 liberalitate
1454 942 1625 970 conces-

265 1013 383 1047 sum,
419 1006 465 1039 ut
497 998 549 1040 acl
577 997 859 1039 imitationem
889 998 1060 1039 Domini
1086 998 1248 1040 dicatur
1281 999 1332 1040 de
1365 998 1626 1055 imperatore

271 1068 461 1109 ‘'iomano
483 1083 492 1109 ε
511 1067 718 1110 «Posuisti
742 1067 784 1108 in
806 1067 944 1123 capite
961 1068 1052 1124 ejus
1078 1083 1278 1110 coronam
1303 1069 1354 1110 (le
1377 1068 1515 1125 lapide
1538 1070 1627 1126 pre-

269 1157 284 1175 »
303 1137 449 1179 liOSO¹.
467 1156 482 1176 ι)

328 1207 483 1250 XLIX.
522 1207 580 1249 Ex
603 1207 676 1249 illo
699 1207 935 1262 gratulatur
955 1207 1166 1260 Ecclesia,
1189 1208 1401 1251 crubescit
1422 1209 1589 1251 Judaeus
1615 1224 1624 1250 ε

271 1290 350 1318 nec
368 1278 504 1318 solum
535 1277 776 1326 erubescit,
796 1278 872 1319 sed
894 1277 1019 1319 etiam
1038 1287 1280 1335 torquetur3
1304 1282 1418 1336 quod
1440 1281 1527 1337 ipse
1550 1280 1628 1321 sibi

275 1356 424 1390 auctor
449 1348 708 1391 confusionis
733 1357 807 1390 est.
847 1349 960 1389 Dum
995 1349 1166 1391 insultat
1198 1350 1388 1399 Christo,
1414 1350 1628 1392 consessus

273 1428 336 1460 est
358 1434 454 1460 eum
482 1435 624 1476 regem
645 1435 654 1460 t
676 1421 778 1461 dum
799 1434 942 1475 regem
963 1419 1209 1461 Judaeorum
1239 1421 1483 1478 appellavit,
1507 1422 1629 1463 sacri-

271 1489 614 1545 legium,suum,
646 1490 716 1546 qui
751 1505 835 1531 non
867 1490 1071 1540 credidit,
1111 1490 1350 1533 confitetur.
1391 1494 1526 1542 Ecce,
1571 1493 1627 1534 in-

275 1558 449 1614 quiunt,
481 1558 769 1601 crucifiximus
792 1559 966 1608 Jesum3
995 1569 1041 1601 ut
1064 1560 1316 1609 Christiani,
1342 1570 1383 1603 et
1405 1571 1500 1619 post
1522 1577 1630 1603 mor—

274 1636 359 1670 tem
376 1638 623 1686 resurgant,
646 1638 687 1672 et
704 1630 860 1671 mortui
882 1639 1072 1687 regnent.
1095 1630 1177 1673 Nos
1195 1631 1481 1674 crucifiximus
1504 1647 1628 1688 quem

276 1714 394 1756 reges
419 1700 594 1742 adorant
619 1715 628 1741 ε
653 1715 779 1756 quem
808 1715 892 1742 non
923 1702 1143 1743 adoramus
1159 1734 1168 1752 ‚
1193 1702 1268 1758 ipsi
1300 1704 1488 1745 adorant.
1519 1704 1630 1745 Ecce

278 1781 319 1812 et
342 1773 482 1813 clavus
501 1772 542 1813 iu
559 1771 722 1814 honore
739 1781 824 1821 est3
845 1781 886 1813 et
908 1787 1033 1828 quem
1055 1774 1105 1814 ad
1122 1782 1301 1815 mortem
1325 1773 1630 1831 impressimus,

278 1841 514 1882 remedium
537 1841 679 1883 salutis
703 1848 788 1888 est,
825 1850 949 1898 atque
983 1843 1178 1884 invisibili
1213 1844 1394 1899 quadam
1426 1852 1633 1900 potestate

280 1911 492 1952 dromones
519 1919 701 1968 torquet.
737 1912 994 1953 Putabamus
1021 1928 1095 1954 nos
1125 1913 1270 1955 vicisse
1288 1947 1297 1961 ,
1321 1914 1395 1955 sed
1420 1914 1550 1955 victos
1580 1914 1635 1954 sa-

280 1990 430 2022 temur.
469 1982 628 2023 Iterum
662 1982 854 2024 Christus
877 1984 1128 2032 resurrexit,
1163 1991 1204 2024 et
1232 1982 1506 2024 resurrexisse
1536 1998 1632 2024 eum

282 2053 493 2109 principes
535 2061 812 2110 agnoverunt.
850 2054 1008 2095 Iterum
1042 2053 1171 2102 vivit,
1213 2054 1283 2109 qui
1326 2069 1408 2095 non
1449 2054 1626 2096 videtur.

279 2122 400 2164 Nunc
435 2122 572 2178 major
597 2122 719 2164 nobis
753 2124 992 2172 contentio,
1018 2139 1131 2165 nnnc
1159 2132 1317 2180 pugnat
1347 2124 1633 2165 vehementior

281 2194 476 2234 adversus
495 2208 605 2236 eum.
635 2193 712 2235 Cui
732 2209 858 2251 regua
876 2194 1133 2235 famulantur
1148 2227 1157 2242 ,
1179 2195 1245 2236 cui
1271 2195 1396 2235 servit
1419 2203 1600 2250 potestas
1619 2228 1627 2242 ,

278 2263 397 2303 illum
416 2264 764 2321 contempsimus,
785 2266 998 2320 quomodo
1018 2266 1185 2322 regibus
1207 2265 1450 2306 resistemus
1467 2264 1484 2306 P
1501 2265 1631 2306 Ferro

276 2334 433 2390 pedum
452 2334 543 2390 ejus
562 2349 677 2391 reges
694 2334 963 2377 inclinantur.
985 2336 1117 2392 Reges
1136 2336 1327 2382 adorant,
1343 2335 1630 2377 etPhotiniani

278 2403 550 2447 Divinitatem
582 2405 672 2460 ejus
700 2405 883 2463 negant?
913 2406 1086 2448 Clavum
1112 2406 1248 2448 crucis
1281 2404 1371 2462 ejus
1405 2405 1630 2448 diademati

327 2532 334 2546 ¹
358 2523 439 2556 Psal.
459 2534 512 2562 xx,
532 2524 562 2562 4.

1753 360 1755 369 ι

1753 396 1756 406 t

1753 408 1756 424 t

1753 425 1757 467 i

1754 530 1758 544 Ι

1754 550 1759 560 ι

1754 568 1759 579 ι
