<?xml version="1.0" encoding="UTF-8"?>
<!DOCTYPE html PUBLIC "-//W3C//DTD XHTML 1.0 Transitional//EN"
    "http://www.w3.org/TR/xhtml1/DTD/xhtml1-transitional.dtd">
<html xmlns="http://www.w3.org/1999/xhtml" xml:lang="en" lang="en">
 <head>
  <title>
</title>
<meta http-equiv="Content-Type" content="text/html;charset=utf-8" />
  <meta name='ocr-system' content='tesseract 3.04.00' />
  <meta name='ocr-capabilities' content='ocr_page ocr_carea ocr_par ocr_line ocrx_word'/>
</head>
<body>
  <div class='ocr_page' id='page_1' title='image "./omniaequaeextant08ambruoft_0346.png"; bbox 0 0 1774 3158; ppageno 0'>
   <div class='ocr_carea' id='block_1_1' title="bbox 285 189 1107 232">
    <p class='ocr_par' dir='ltr' id='par_1_1' title="bbox 285 189 1107 232">
     <span class='ocr_line' id='line_1_1' title="bbox 285 189 1107 232; baseline -0.011 0"><span class='ocrx_word' id='word_1_1' title='bbox 285 189 370 232; x_wconf 78' lang='lat'><em>336</em></span> <span class='ocrx_word' id='word_1_2' title='bbox 845 196 877 225; x_wconf 78' lang='lat' dir='ltr'><em>S.</em></span> <span class='ocrx_word' id='word_1_3' title='bbox 916 194 1107 225; x_wconf 65' lang='lat' dir='ltr'><em>ammosa</em></span> 
     </span>
    </p>
   </div>
   <div class='ocr_carea' id='block_1_2' title="bbox 281 348 1632 371">
    <p class='ocr_par' dir='ltr' id='par_1_2' title="bbox 281 348 1632 371">
     <span class='ocr_line' id='line_1_2' title="bbox 281 348 1632 371; baseline -0.007 -2"><span class='ocrx_word' id='word_1_4' title='bbox 281 355 521 371; x_wconf 48' lang='lat' dir='ltr'><em>*mmmm</em></span> <span class='ocrx_word' id='word_1_5' title='bbox 528 349 1144 367; x_wconf 54' lang='lat' dir='ltr'><em>mmmmmfflmmmum</em></span> <span class='ocrx_word' id='word_1_6' title='bbox 1149 348 1632 364; x_wconf 56' lang='lat' dir='ltr'><em>mmmvnvo,mmqu</em></span> 
     </span>
    </p>
   </div>
   <div class='ocr_carea' id='block_1_3' title="bbox 734 474 1181 520">
    <p class='ocr_par' dir='ltr' id='par_1_3' title="bbox 734 474 1181 520">
     <span class='ocr_line' id='line_1_3' title="bbox 734 474 1181 520; baseline -0.004 -1"><span class='ocrx_word' id='word_1_7' title='bbox 734 475 998 520; x_wconf 88' lang='lat' dir='ltr'><strong>EPISTOLA</strong></span> <span class='ocrx_word' id='word_1_8' title='bbox 1028 475 1132 519; x_wconf 88' lang='lat' dir='ltr'><em>XXI</em></span> <span class='ocrx_word' id='word_1_9' title='bbox 1150 474 1181 517; x_wconf 78' lang='lat'><em>¹.</em></span> 
     </span>
    </p>
   </div>
   <div class='ocr_carea' id='block_1_4' title="bbox 286 624 1644 1241">
    <p class='ocr_par' dir='ltr' id='par_1_4' title="bbox 286 624 1644 1241">
     <span class='ocr_line' id='line_1_4' title="bbox 286 624 1638 680; baseline -0.005 -8"><span class='ocrx_word' id='word_1_10' title='bbox 286 631 486 672; x_wconf 75' lang='lat' dir='ltr'><strong><em>Excusat</em></strong></span> <span class='ocrx_word' id='word_1_11' title='bbox 515 625 775 667; x_wconf 74' lang='lat' dir='ltr'><em>Ambrosius</em></span> <span class='ocrx_word' id='word_1_12' title='bbox 804 624 919 680; x_wconf 82' lang='lat' dir='ltr'><em>quod</em></span> <span class='ocrx_word' id='word_1_13' title='bbox 944 634 1122 666; x_wconf 78' lang='lat' dir='ltr'><em>vocatas</em></span> <span class='ocrx_word' id='word_1_14' title='bbox 1150 638 1239 663; x_wconf 77' lang='lat' dir='ltr'><em>non</em></span> <span class='ocrx_word' id='word_1_15' title='bbox 1261 624 1431 665; x_wconf 75' lang='lat' dir='ltr'><em>venerit</em></span> <span class='ocrx_word' id='word_1_16' title='bbox 1453 625 1511 665; x_wconf 82' lang='lat' dir='ltr'><em>ad</em></span> <span class='ocrx_word' id='word_1_17' title='bbox 1538 638 1638 665; x_wconf 80' lang='lat' dir='ltr'><em>con-</em></span> 
     </span>
     <span class='ocr_line' id='line_1_5' title="bbox 344 692 1638 750; baseline -0.005 -11"><span class='ocrx_word' id='word_1_18' title='bbox 344 698 595 746; x_wconf 77' lang='lat' dir='ltr'><em>sistorium,</em></span> <span class='ocrx_word' id='word_1_19' title='bbox 620 710 814 737; x_wconf 83' lang='lat' dir='ltr'><em>asserens</em></span> <span class='ocrx_word' id='word_1_20' title='bbox 836 696 886 735; x_wconf 74' lang='lat' dir='ltr'><em>in</em></span> <span class='ocrx_word' id='word_1_21' title='bbox 909 709 1040 735; x_wconf 78' lang='lat' dir='ltr'><em>caasa</em></span> <span class='ocrx_word' id='word_1_22' title='bbox 1061 692 1170 750; x_wconf 73' lang='lat' dir='ltr'><em>fidei</em></span> <span class='ocrx_word' id='word_1_23' title='bbox 1184 693 1251 734; x_wconf 78' lang='lat' dir='ltr'><em>vel</em></span> <span class='ocrx_word' id='word_1_24' title='bbox 1268 693 1638 749; x_wconf 77' lang='lat' dir='ltr'><em>ecclesiasticaju-</em></span> 
     </span>
     <span class='ocr_line' id='line_1_6' title="bbox 346 762 1640 811; baseline -0.004 -3"><span class='ocrx_word' id='word_1_25' title='bbox 346 769 494 808; x_wconf 77' lang='lat' dir='ltr'><em>dicare</em></span> <span class='ocrx_word' id='word_1_26' title='bbox 515 766 605 807; x_wconf 73' lang='lat' dir='ltr'><em>nisi</em></span> <span class='ocrx_word' id='word_1_27' title='bbox 630 765 870 806; x_wconf 75' lang='lat' dir='ltr'><em>sacerdotes</em></span> <span class='ocrx_word' id='word_1_28' title='bbox 895 765 1117 804; x_wconf 76' lang='lat' dir='ltr'><em>neminem</em></span> <span class='ocrx_word' id='word_1_29' title='bbox 1151 762 1326 811; x_wconf 69' lang='lat' dir='ltr'><em>debet²e;</em></span> <span class='ocrx_word' id='word_1_30' title='bbox 1352 778 1429 803; x_wconf 75' lang='lat' dir='ltr'><em>nec</em></span> <span class='ocrx_word' id='word_1_31' title='bbox 1461 763 1573 804; x_wconf 82' lang='lat' dir='ltr'><em>sein</em></span> <span class='ocrx_word' id='word_1_32' title='bbox 1595 778 1640 803; x_wconf 88' lang='lat' dir='ltr'><em>eo</em></span> 
     </span>
     <span class='ocr_line' id='line_1_7' title="bbox 345 833 1636 890; baseline -0.005 -11"><span class='ocrx_word' id='word_1_33' title='bbox 345 848 671 884; x_wconf 80' lang='lat' dir='ltr'><em>contumacem,</em></span> <span class='ocrx_word' id='word_1_34' title='bbox 699 835 815 888; x_wconf 80' lang='lat' dir='ltr'><em>qaod</em></span> <span class='ocrx_word' id='word_1_35' title='bbox 846 835 1067 890; x_wconf 73' lang='lat' dir='ltr'><em>injuriam</em></span> <span class='ocrx_word' id='word_1_36' title='bbox 1090 833 1240 873; x_wconf 73' lang='lat' dir='ltr'><em>ordini</em></span> <span class='ocrx_word' id='word_1_37' title='bbox 1264 848 1339 873; x_wconf 80' lang='lat' dir='ltr'><em>suo</em></span> <span class='ocrx_word' id='word_1_38' title='bbox 1367 847 1451 873; x_wconf 82' lang='lat' dir='ltr'><em>non</em></span> <span class='ocrx_word' id='word_1_39' title='bbox 1468 833 1636 873; x_wconf 79' lang='lat' dir='ltr'><em>inurat.</em></span> 
     </span>
     <span class='ocr_line' id='line_1_8' title="bbox 346 902 1644 962; baseline -0.005 -14"><span class='ocrx_word' id='word_1_40' title='bbox 346 907 488 948; x_wconf 71' lang='lat' dir='ltr'><em>Addit</em></span> <span class='ocrx_word' id='word_1_41' title='bbox 510 906 791 947; x_wconf 74' lang='lat' dir='ltr'><em>Aaaeentiam</em></span> <span class='ocrx_word' id='word_1_42' title='bbox 818 907 932 962; x_wconf 76' lang='lat' dir='ltr'><em>forte</em></span> <span class='ocrx_word' id='word_1_43' title='bbox 952 904 1128 944; x_wconf 56' lang='lat' dir='ltr'><em>&lt;ludam</em></span> <span class='ocrx_word' id='word_1_44' title='bbox 1156 913 1232 945; x_wconf 78' lang='lat' dir='ltr'><em>aut</em></span> <span class='ocrx_word' id='word_1_45' title='bbox 1260 902 1458 958; x_wconf 78' lang='lat' dir='ltr'><em>infideles</em></span> <span class='ocrx_word' id='word_1_46' title='bbox 1486 903 1644 943; x_wconf 43' lang='lat' dir='ltr'><em>electu*</em></span> 
     </span>
     <span class='ocr_line' id='line_1_9' title="bbox 348 973 1638 1033; baseline -0.004 -14"><span class='ocrx_word' id='word_1_47' title='bbox 348 992 449 1019; x_wconf 81' lang='lat' dir='ltr'><em>ram</em></span> <span class='ocrx_word' id='word_1_48' title='bbox 472 976 686 1033; x_wconf 80' lang='lat' dir='ltr'><em>judicum</em></span> <span class='ocrx_word' id='word_1_49' title='bbox 720 976 828 1023; x_wconf 84' lang='lat' dir='ltr'><em>loco,</em></span> <span class='ocrx_word' id='word_1_50' title='bbox 870 976 917 1015; x_wconf 80' lang='lat' dir='ltr'><em>id</em></span> <span class='ocrx_word' id='word_1_51' title='bbox 948 985 1035 1021; x_wconf 85' lang='lat' dir='ltr'><em>est,</em></span> <span class='ocrx_word' id='word_1_52' title='bbox 1074 974 1242 1015; x_wconf 70' lang='lat' dir='ltr'><em>Christi</em></span> <span class='ocrx_word' id='word_1_53' title='bbox 1278 973 1606 1014; x_wconf 68' lang='lat' dir='ltr'><em>inimicissimos</em></span> <span class='ocrx_word' id='word_1_54' title='bbox 1625 988 1638 1014; x_wconf 92' lang='grc'><em>.·</em></span> 
     </span>
     <span class='ocr_line' id='line_1_10' title="bbox 349 1041 1644 1099; baseline -0.005 -11"><span class='ocrx_word' id='word_1_55' title='bbox 349 1063 427 1088; x_wconf 64' lang='grc' dir='ltr'><em>περ</em></span> <span class='ocrx_word' id='word_1_56' title='bbox 449 1061 649 1087; x_wconf 78' lang='lat' dir='ltr'><em>recusare</em></span> <span class='ocrx_word' id='word_1_57' title='bbox 670 1045 903 1099; x_wconf 77' lang='lat' dir='ltr'><em>quominus</em></span> <span class='ocrx_word' id='word_1_58' title='bbox 926 1045 974 1084; x_wconf 79' lang='lat' dir='ltr'><em>in</em></span> <span class='ocrx_word' id='word_1_59' title='bbox 1007 1043 1203 1084; x_wconf 74' lang='lat' dir='ltr'><em>Ecclesia</em></span> <span class='ocrx_word' id='word_1_60' title='bbox 1224 1043 1293 1083; x_wconf 71' lang='lat' dir='ltr'><em>vel</em></span> <span class='ocrx_word' id='word_1_61' title='bbox 1320 1043 1367 1082; x_wconf 72' lang='lat' dir='ltr'><em>u&#39;n</em></span> <span class='ocrx_word' id='word_1_62' title='bbox 1393 1041 1564 1099; x_wconf 76' lang='lat' dir='ltr'><em>Synodo</em></span> <span class='ocrx_word' id='word_1_63' title='bbox 1586 1042 1644 1082; x_wconf 81' lang='lat' dir='ltr'><em>&#39;de</em></span> 
     </span>
     <span class='ocr_line' id='line_1_11' title="bbox 352 1112 1642 1172; baseline -0.004 -15"><span class='ocrx_word' id='word_1_64' title='bbox 352 1117 419 1157; x_wconf 78' lang='lat' dir='ltr'><em>his</em></span> <span class='ocrx_word' id='word_1_65' title='bbox 440 1116 682 1172; x_wconf 72' lang='lat' dir='ltr'><em>dispararet</em></span> <span class='ocrx_word' id='word_1_66' title='bbox 696 1130 708 1155; x_wconf 93' lang='grc'><em>.·</em></span> <span class='ocrx_word' id='word_1_67' title='bbox 721 1114 809 1155; x_wconf 68' lang='lat' dir='ltr'><em>laec</em></span> <span class='ocrx_word' id='word_1_68' title='bbox 830 1113 1006 1154; x_wconf 81' lang='lat' dir='ltr'><em>demum</em></span> <span class='ocrx_word' id='word_1_69' title='bbox 1030 1128 1071 1154; x_wconf 88' lang='lat' dir='ltr'><em>se</em></span> <span class='ocrx_word' id='word_1_70' title='bbox 1089 1128 1238 1153; x_wconf 70' lang='lat' dir='ltr'><em>coram</em></span> <span class='ocrx_word' id='word_1_71' title='bbox 1254 1112 1386 1168; x_wconf 78' lang='lat' dir='ltr'><em>faisse</em></span> <span class='ocrx_word' id='word_1_72' title='bbox 1401 1113 1642 1159; x_wconf 74' lang='lat' dir='ltr'><em>dicturum,</em></span> 
     </span>
     <span class='ocr_line' id='line_1_12' title="bbox 352 1182 1404 1241; baseline -0.001 -16"><span class='ocrx_word' id='word_1_73' title='bbox 352 1185 442 1226; x_wconf 75' lang='lat' dir='ltr'><em>nisi</em></span> <span class='ocrx_word' id='word_1_74' title='bbox 459 1200 486 1226; x_wconf 89' lang='lat' dir='ltr'><em>a</em></span> <span class='ocrx_word' id='word_1_75' title='bbox 508 1184 765 1241; x_wconf 82' lang='lat' dir='ltr'><em>coepiscopis</em></span> <span class='ocrx_word' id='word_1_76' title='bbox 786 1193 825 1224; x_wconf 78' lang='lat' dir='ltr'><em>et</em></span> <span class='ocrx_word' id='word_1_77' title='bbox 846 1183 1005 1239; x_wconf 82' lang='lat' dir='ltr'><em>populo</em></span> <span class='ocrx_word' id='word_1_78' title='bbox 1028 1193 1129 1224; x_wconf 77' lang='lat' dir='ltr'><em>esset</em></span> <span class='ocrx_word' id='word_1_79' title='bbox 1143 1182 1404 1238; x_wconf 76' lang='lat' dir='ltr'><em>prohibitas.</em></span> 
     </span>
    </p>
   </div>
   <div class='ocr_carea' id='block_1_5' title="bbox 295 1318 1646 1447">
    <p class='ocr_par' dir='ltr' id='par_1_5' title="bbox 295 1318 1646 1447">
     <span class='ocr_line' id='line_1_13' title="bbox 295 1318 1646 1378; baseline -0.004 -12"><span class='ocrx_word' id='word_1_80' title='bbox 295 1323 632 1366; x_wconf 85' lang='lat' dir='ltr'><em>Clementissimo</em></span> <span class='ocrx_word' id='word_1_81' title='bbox 661 1320 928 1378; x_wconf 85' lang='lat' dir='ltr'><em>imperatori,</em></span> <span class='ocrx_word' id='word_1_82' title='bbox 954 1329 995 1361; x_wconf 89' lang='lat' dir='ltr'><em>et</em></span> <span class='ocrx_word' id='word_1_83' title='bbox 1029 1320 1269 1361; x_wconf 79' lang='lat' dir='ltr'><em>beatissimo</em></span> <span class='ocrx_word' id='word_1_84' title='bbox 1292 1318 1479 1377; x_wconf 83' lang='lat' dir='ltr'><em>Augusto</em></span> <span class='ocrx_word' id='word_1_85' title='bbox 1492 1319 1646 1362; x_wconf 81' lang='lat' dir='ltr'><em>Valen-</em></span> 
     </span>
     <span class='ocr_line' id='line_1_14' title="bbox 613 1389 1330 1447; baseline -0.003 -14"><span class='ocrx_word' id='word_1_86' title='bbox 613 1392 771 1433; x_wconf 84' lang='lat' dir='ltr'><em>tiniano</em></span> <span class='ocrx_word' id='word_1_87' title='bbox 788 1424 798 1440; x_wconf 90' lang='lat'>,</span> <span class='ocrx_word' id='word_1_88' title='bbox 824 1389 1073 1432; x_wconf 80' lang='lat' dir='ltr'><em>Ambrosius</em></span> <span class='ocrx_word' id='word_1_89' title='bbox 1094 1390 1330 1447; x_wconf 80' lang='lat' dir='ltr'><em>episcopus.</em></span> 
     </span>
    </p>
   </div>
   <div class='ocr_carea' id='block_1_6' title="bbox 296 1525 1657 2571">
    <p class='ocr_par' dir='ltr' id='par_1_6' title="bbox 296 1525 1652 1934">
     <span class='ocr_line' id='line_1_15' title="bbox 355 1525 1649 1573; baseline -0.002 -2"><span class='ocrx_word' id='word_1_90' title='bbox 355 1530 386 1571; x_wconf 91' lang='lat' dir='ltr'><em>I.</em></span> <span class='ocrx_word' id='word_1_91' title='bbox 420 1528 667 1570; x_wconf 67' lang='lat' dir='ltr'><em>merms</em></span> <span class='ocrx_word' id='word_1_92' title='bbox 691 1539 758 1567; x_wconf 86' lang='lat' dir='ltr'><em>me</em></span> <span class='ocrx_word' id='word_1_93' title='bbox 781 1525 976 1567; x_wconf 79' lang='lat' dir='ltr'><em>tribunus</em></span> <span class='ocrx_word' id='word_1_94' title='bbox 1000 1535 1039 1566; x_wconf 86' lang='lat' dir='ltr'><em>et</em></span> <span class='ocrx_word' id='word_1_95' title='bbox 1063 1525 1251 1567; x_wconf 80' lang='lat' dir='ltr'><em>notarius</em></span> <span class='ocrx_word' id='word_1_96' title='bbox 1273 1528 1472 1568; x_wconf 77' lang='lat' dir='ltr'><em>mandato</em></span> <span class='ocrx_word' id='word_1_97' title='bbox 1490 1560 1498 1573; x_wconf 94' lang='lat'>,</span> <span class='ocrx_word' id='word_1_98' title='bbox 1530 1536 1572 1568; x_wconf 84' lang='lat' dir='ltr'><em>ut</em></span> <span class='ocrx_word' id='word_1_99' title='bbox 1598 1529 1649 1569; x_wconf 84' lang='lat' dir='ltr'><em>al-</em></span> 
     </span>
     <span class='ocr_line' id='line_1_16' title="bbox 296 1595 1649 1655; baseline -0.002 -15"><span class='ocrx_word' id='word_1_100' title='bbox 296 1598 469 1655; x_wconf 81' lang='lat' dir='ltr'><em>legavit,</em></span> <span class='ocrx_word' id='word_1_101' title='bbox 490 1596 723 1638; x_wconf 82' lang='lat' dir='ltr'><em>clementiae</em></span> <span class='ocrx_word' id='word_1_102' title='bbox 755 1595 950 1636; x_wconf 85' lang='lat' dir='ltr'><em>convenit</em></span> <span class='ocrx_word' id='word_1_103' title='bbox 974 1603 1076 1642; x_wconf 81' lang='lat' dir='ltr'><em>tuae,</em></span> <span class='ocrx_word' id='word_1_104' title='bbox 1102 1596 1317 1651; x_wconf 83' lang='lat' dir='ltr'><em>postulans</em></span> <span class='ocrx_word' id='word_1_105' title='bbox 1345 1605 1391 1637; x_wconf 88' lang='lat' dir='ltr'><em>ut</em></span> <span class='ocrx_word' id='word_1_106' title='bbox 1417 1605 1457 1637; x_wconf 81' lang='lat' dir='ltr'><em>et</em></span> <span class='ocrx_word' id='word_1_107' title='bbox 1480 1597 1649 1653; x_wconf 86' lang='lat' dir='ltr'><em>ipscju-</em></span> 
     </span>
     <span class='ocr_line' id='line_1_17' title="bbox 298 1662 1650 1722; baseline -0.001 -13"><span class='ocrx_word' id='word_1_108' title='bbox 298 1668 410 1709; x_wconf 85' lang='lat' dir='ltr'><em>dices</em></span> <span class='ocrx_word' id='word_1_109' title='bbox 454 1667 636 1722; x_wconf 82' lang='lat' dir='ltr'><em>legerem</em></span> <span class='ocrx_word' id='word_1_110' title='bbox 656 1697 666 1713; x_wconf 93' lang='lat'><strong>,</strong></span> <span class='ocrx_word' id='word_1_111' title='bbox 714 1664 821 1705; x_wconf 87' lang='lat' dir='ltr'><em>sicut</em></span> <span class='ocrx_word' id='word_1_112' title='bbox 859 1663 1050 1719; x_wconf 80' lang='lat' dir='ltr'><em>elegisset</em></span> <span class='ocrx_word' id='word_1_113' title='bbox 1087 1662 1333 1705; x_wconf 73' lang='lat' dir='ltr'><em>Auxentius.</em></span> <span class='ocrx_word' id='word_1_114' title='bbox 1382 1664 1467 1707; x_wconf 88' lang='lat' dir='ltr'><em>Nec</em></span> <span class='ocrx_word' id='word_1_115' title='bbox 1511 1674 1650 1707; x_wconf 81' lang='lat' dir='ltr'><em>tamen</em></span> 
     </span>
     <span class='ocr_line' id='line_1_18' title="bbox 298 1733 1652 1794; baseline -0.004 -14"><span class='ocrx_word' id='word_1_116' title='bbox 298 1737 502 1794; x_wconf 79' lang='lat' dir='ltr'><em>expressit</em></span> <span class='ocrx_word' id='word_1_117' title='bbox 517 1749 663 1777; x_wconf 84' lang='lat' dir='ltr'><em>eorum</em></span> <span class='ocrx_word' id='word_1_118' title='bbox 683 1733 851 1776; x_wconf 84' lang='lat' dir='ltr'><em>nomina</em></span> <span class='ocrx_word' id='word_1_119' title='bbox 869 1765 879 1781; x_wconf 89' lang='lat'><em>‚</em></span> <span class='ocrx_word' id='word_1_120' title='bbox 906 1733 977 1789; x_wconf 86' lang='lat' dir='ltr'><em>qui</em></span> <span class='ocrx_word' id='word_1_121' title='bbox 1001 1733 1166 1774; x_wconf 80' lang='lat' dir='ltr'><em>fuerant</em></span> <span class='ocrx_word' id='word_1_122' title='bbox 1183 1733 1381 1790; x_wconf 82' lang='lat' dir='ltr'><em>postulati</em></span> <span class='ocrx_word' id='word_1_123' title='bbox 1403 1749 1411 1775; x_wconf 92' lang='lat'>:</span> <span class='ocrx_word' id='word_1_124' title='bbox 1433 1735 1504 1776; x_wconf 86' lang='lat' dir='ltr'><em>sed</em></span> <span class='ocrx_word' id='word_1_125' title='bbox 1522 1734 1563 1776; x_wconf 89' lang='lat' dir='ltr'><em>id</em></span> <span class='ocrx_word' id='word_1_126' title='bbox 1588 1734 1652 1775; x_wconf 86' lang='lat' dir='ltr'><em>ad-</em></span> 
     </span>
     <span class='ocr_line' id='line_1_19' title="bbox 299 1802 1652 1861; baseline -0.001 -13"><span class='ocrx_word' id='word_1_127' title='bbox 299 1806 425 1854; x_wconf 85' lang='lat' dir='ltr'><em>didit,</em></span> <span class='ocrx_word' id='word_1_128' title='bbox 451 1806 565 1861; x_wconf 88' lang='lat' dir='ltr'><em>quod</em></span> <span class='ocrx_word' id='word_1_129' title='bbox 601 1804 642 1846; x_wconf 91' lang='lat' dir='ltr'><em>in</em></span> <span class='ocrx_word' id='word_1_130' title='bbox 676 1802 924 1845; x_wconf 82' lang='lat' dir='ltr'><em>consistorio</em></span> <span class='ocrx_word' id='word_1_131' title='bbox 957 1811 1066 1844; x_wconf 74' lang='lat' dir='ltr'><em>esset</em></span> <span class='ocrx_word' id='word_1_132' title='bbox 1098 1802 1236 1845; x_wconf 77' lang='lat' dir='ltr'><em>futura</em></span> <span class='ocrx_word' id='word_1_133' title='bbox 1264 1803 1463 1853; x_wconf 85' lang='lat' dir='ltr'><em>certatio,</em></span> <span class='ocrx_word' id='word_1_134' title='bbox 1494 1804 1652 1858; x_wconf 43' lang='lat' dir='ltr'><em>aghit‘m</em></span> 
     </span>
     <span class='ocr_line' id='line_1_20' title="bbox 297 1874 762 1934; baseline -0.006 -16"><span class='ocrx_word' id='word_1_135' title='bbox 297 1876 462 1934; x_wconf 86' lang='lat' dir='ltr'><em>pietatis</em></span> <span class='ocrx_word' id='word_1_136' title='bbox 484 1874 643 1932; x_wconf 85' lang='lat' dir='ltr'><em>judicio</em></span> <span class='ocrx_word' id='word_1_137' title='bbox 668 1882 762 1916; x_wconf 83' lang='lat' dir='ltr'><em>tuae.</em></span> 
     </span>
    </p>

    <p class='ocr_par' dir='ltr' id='par_1_7' title="bbox 299 1945 1657 2505">
     <span class='ocr_line' id='line_1_21' title="bbox 358 1945 1653 2002; baseline -0.002 -13"><span class='ocrx_word' id='word_1_138' title='bbox 358 1947 410 1990; x_wconf 93' lang='grc' dir='ltr'><em>ΙΙ.</em></span> <span class='ocrx_word' id='word_1_139' title='bbox 448 1945 526 1988; x_wconf 84' lang='lat' dir='ltr'><em>Cui</em></span> <span class='ocrx_word' id='word_1_140' title='bbox 554 1945 614 1987; x_wconf 86' lang='lat' dir='ltr'><em>rei</em></span> <span class='ocrx_word' id='word_1_141' title='bbox 649 1945 906 2001; x_wconf 77' lang='lat' dir='ltr'><em>responden,</em></span> <span class='ocrx_word' id='word_1_142' title='bbox 931 1953 978 1986; x_wconf 89' lang='lat' dir='ltr'><em>ut</em></span> <span class='ocrx_word' id='word_1_143' title='bbox 1005 1945 1209 1993; x_wconf 79' lang='lat' dir='ltr'><em>arbitror,</em></span> <span class='ocrx_word' id='word_1_144' title='bbox 1233 1954 1536 2002; x_wconf 73' lang='lat' dir='ltr'><em>cpmpetenter.</em></span> <span class='ocrx_word' id='word_1_145' title='bbox 1567 1946 1653 1988; x_wconf 85' lang='lat' dir='ltr'><em>Nec</em></span> 
     </span>
     <span class='ocr_line' id='line_1_22' title="bbox 299 2013 1656 2074; baseline -0.001 -16"><span class='ocrx_word' id='word_1_146' title='bbox 299 2016 519 2074; x_wconf 88' lang='lat' dir='ltr'><em>quisquam</em></span> <span class='ocrx_word' id='word_1_147' title='bbox 546 2023 842 2056; x_wconf 84' lang='lat' dir='ltr'><em>contumacem</em></span> <span class='ocrx_word' id='word_1_148' title='bbox 873 2013 1065 2071; x_wconf 80' lang='lat' dir='ltr'><em>judicare</em></span> <span class='ocrx_word' id='word_1_149' title='bbox 1088 2029 1156 2056; x_wconf 90' lang='lat' dir='ltr'><em>me</em></span> <span class='ocrx_word' id='word_1_150' title='bbox 1180 2015 1330 2063; x_wconf 84' lang='lat' dir='ltr'><em>debet,</em></span> <span class='ocrx_word' id='word_1_151' title='bbox 1359 2029 1454 2056; x_wconf 91' lang='lat' dir='ltr'><em>cum</em></span> <span class='ocrx_word' id='word_1_152' title='bbox 1481 2016 1562 2057; x_wconf 88' lang='lat' dir='ltr'><em>hoc</em></span> <span class='ocrx_word' id='word_1_153' title='bbox 1595 2031 1656 2057; x_wconf 81' lang='lat' dir='ltr'><em>as-</em></span> 
     </span>
     <span class='ocr_line' id='line_1_23' title="bbox 301 2084 1654 2142; baseline -0.002 -13"><span class='ocrx_word' id='word_1_154' title='bbox 301 2102 459 2135; x_wconf 84' lang='lat' dir='ltr'><em>seram,</em></span> <span class='ocrx_word' id='word_1_155' title='bbox 495 2085 609 2142; x_wconf 88' lang='lat' dir='ltr'><em>quod</em></span> <span class='ocrx_word' id='word_1_156' title='bbox 647 2091 832 2141; x_wconf 80' lang='lat' dir='ltr'><em>augustae</em></span> <span class='ocrx_word' id='word_1_157' title='bbox 862 2084 1077 2125; x_wconf 78' lang='lat' dir='ltr'><em>memoriae</em></span> <span class='ocrx_word' id='word_1_158' title='bbox 1108 2092 1228 2140; x_wconf 76' lang='lat' dir='ltr'><em>patet·</em></span> <span class='ocrx_word' id='word_1_159' title='bbox 1268 2092 1363 2125; x_wconf 90' lang='lat' dir='ltr'><em>tuus</em></span> <span class='ocrx_word' id='word_1_160' title='bbox 1391 2100 1476 2126; x_wconf 91' lang='lat' dir='ltr'><em>non</em></span> <span class='ocrx_word' id='word_1_161' title='bbox 1519 2086 1654 2127; x_wconf 90' lang='lat' dir='ltr'><em>solum</em></span> 
     </span>
     <span class='ocr_line' id='line_1_24' title="bbox 303 2154 1655 2213; baseline -0.003 -13"><span class='ocrx_word' id='word_1_162' title='bbox 303 2173 495 2200; x_wconf 75' lang='lat' dir='ltr'><em>sei-mone</em></span> <span class='ocrx_word' id='word_1_163' title='bbox 513 2155 730 2213; x_wconf 84' lang='lat' dir='ltr'><em>respondit</em></span> <span class='ocrx_word' id='word_1_164' title='bbox 744 2189 753 2204; x_wconf 93' lang='lat'>‚</span> <span class='ocrx_word' id='word_1_165' title='bbox 768 2155 839 2196; x_wconf 82' lang='lat' dir='ltr'><em>sed</em></span> <span class='ocrx_word' id='word_1_166' title='bbox 857 2154 982 2196; x_wconf 84' lang='lat' dir='ltr'><em>etiam</em></span> <span class='ocrx_word' id='word_1_167' title='bbox 1001 2154 1163 2211; x_wconf 78' lang='lat' dir='ltr'><em>legibus</em></span> <span class='ocrx_word' id='word_1_168' title='bbox 1186 2154 1269 2196; x_wconf 86' lang='lat' dir='ltr'><em>suis</em></span> <span class='ocrx_word' id='word_1_169' title='bbox 1287 2156 1421 2196; x_wconf 82' lang='lat' dir='ltr'><strong>sanxit</strong></span> <span class='ocrx_word' id='word_1_170' title='bbox 1438 2171 1446 2196; x_wconf 74' lang='grc' dir='ltr'>ε</span> <span class='ocrx_word' id='word_1_171' title='bbox 1462 2156 1509 2197; x_wconf 87' lang='lat' dir='ltr'><em>In</em></span> <span class='ocrx_word' id='word_1_172' title='bbox 1531 2170 1655 2198; x_wconf 84' lang='lat' dir='ltr'><em>causa</em></span> 
     </span>
     <span class='ocr_line' id='line_1_25' title="bbox 304 2225 1653 2281; baseline -0.001 -10"><span class='ocrx_word' id='word_1_173' title='bbox 304 2228 400 2271; x_wconf 78' lang='lat' dir='ltr'><em>fidei</em></span> <span class='ocrx_word' id='word_1_174' title='bbox 415 2227 480 2269; x_wconf 90' lang='lat' dir='ltr'><em>vel</em></span> <span class='ocrx_word' id='word_1_175' title='bbox 496 2225 770 2268; x_wconf 84' lang='lat' dir='ltr'><em>ecclesiastici</em></span> <span class='ocrx_word' id='word_1_176' title='bbox 793 2226 969 2281; x_wconf 87' lang='lat' dir='ltr'><em>alicujus</em></span> <span class='ocrx_word' id='word_1_177' title='bbox 992 2225 1149 2281; x_wconf 61' lang='lat' dir='ltr'><em>orgljpis</em></span> <span class='ocrx_word' id='word_1_178' title='bbox 1167 2240 1262 2266; x_wconf 87' lang='lat' dir='ltr'><em>eum</em></span> <span class='ocrx_word' id='word_1_179' title='bbox 1281 2225 1470 2281; x_wconf 85' lang='lat' dir='ltr'><em>judicare</em></span> <span class='ocrx_word' id='word_1_180' title='bbox 1483 2227 1653 2278; x_wconf 82' lang='lat' dir='ltr'><em>debere,</em></span> 
     </span>
     <span class='ocr_line' id='line_1_26' title="bbox 304 2294 1656 2354; baseline 0 -16"><span class='ocrx_word' id='word_1_181' title='bbox 304 2297 375 2354; x_wconf 87' lang='lat' dir='ltr'><em>qui</em></span> <span class='ocrx_word' id='word_1_182' title='bbox 400 2310 477 2338; x_wconf 89' lang='lat' dir='ltr'><em>nec</em></span> <span class='ocrx_word' id='word_1_183' title='bbox 499 2310 674 2336; x_wconf 79' lang='lat' dir='ltr'><em>munere</em></span> <span class='ocrx_word' id='word_1_184' title='bbox 697 2295 832 2352; x_wconf 79' lang='lat' dir='ltr'><em>impar</em></span> <span class='ocrx_word' id='word_1_185' title='bbox 856 2295 936 2343; x_wconf 85' lang='lat' dir='ltr'><em>sit,</em></span> <span class='ocrx_word' id='word_1_186' title='bbox 962 2309 1041 2336; x_wconf 86' lang='lat' dir='ltr'><em>nec</em></span> <span class='ocrx_word' id='word_1_187' title='bbox 1065 2294 1157 2350; x_wconf 79' lang='lat' dir='ltr'><em>jure</em></span> <span class='ocrx_word' id='word_1_188' title='bbox 1176 2294 1271 2336; x_wconf 84' lang='lat' dir='ltr'><em>dissi</em></span> <span class='ocrx_word' id='word_1_189' title='bbox 1322 2295 1409 2343; x_wconf 88' lang='lat' dir='ltr'><em>ilis;</em></span> <span class='ocrx_word' id='word_1_190' title='bbox 1435 2295 1522 2338; x_wconf 83' lang='lat' dir='ltr'><em>haec</em></span> <span class='ocrx_word' id='word_1_191' title='bbox 1545 2296 1656 2338; x_wconf 88' lang='lat' dir='ltr'><em>enim</em></span> 
     </span>
     <span class='ocr_line' id='line_1_27' title="bbox 305 2365 1657 2422; baseline -0.002 -11"><span class='ocrx_word' id='word_1_192' title='bbox 305 2368 432 2411; x_wconf 75' lang='lat' dir='ltr'><em>vei-ba</em></span> <span class='ocrx_word' id='word_1_193' title='bbox 455 2366 790 2422; x_wconf 72' lang='lat' dir='ltr'><em>rescriptisunt,</em></span> <span class='ocrx_word' id='word_1_194' title='bbox 815 2366 896 2407; x_wconf 87' lang='lat' dir='ltr'><em>hoc</em></span> <span class='ocrx_word' id='word_1_195' title='bbox 918 2374 1004 2412; x_wconf 87' lang='lat' dir='ltr'><em>est,</em></span> <span class='ocrx_word' id='word_1_196' title='bbox 1027 2366 1266 2407; x_wconf 81' lang='lat' dir='ltr'><em>sacerdotes</em></span> <span class='ocrx_word' id='word_1_197' title='bbox 1294 2365 1344 2407; x_wconf 91' lang='lat' dir='ltr'><em>de</em></span> <span class='ocrx_word' id='word_1_198' title='bbox 1368 2366 1657 2408; x_wconf 84' lang='lat' dir='ltr'><em>sacerdotibus</em></span> 
     </span>
     <span class='ocr_line' id='line_1_28' title="bbox 306 2436 1657 2505; baseline -0.002 -23"><span class='ocrx_word' id='word_1_199' title='bbox 306 2438 439 2505; x_wconf 54' lang='lat' dir='ltr'><em>“BE-‘3³‘</em></span> <span class='ocrx_word' id='word_1_200' title='bbox 472 2437 679 2495; x_wconf 85' lang='lat' dir='ltr'><em>judicare.</em></span> <span class='ocrx_word' id='word_1_201' title='bbox 716 2437 958 2489; x_wconf 85' lang='lat' dir='ltr'><em>Quinetiam</em></span> <span class='ocrx_word' id='word_1_202' title='bbox 999 2436 1031 2479; x_wconf 90' lang='lat' dir='ltr'><em>si</em></span> <span class='ocrx_word' id='word_1_203' title='bbox 1068 2436 1165 2479; x_wconf 84' lang='lat' dir='ltr'><em>alias</em></span> <span class='ocrx_word' id='word_1_204' title='bbox 1206 2449 1372 2494; x_wconf 83' lang='lat' dir='ltr'><em>quoque</em></span> <span class='ocrx_word' id='word_1_205' title='bbox 1409 2445 1657 2495; x_wconf 78' lang='lat' dir='ltr'><em>argueretur</em></span> 
     </span>
    </p>

    <p class='ocr_par' dir='ltr' id='par_1_8' title="bbox 355 2526 695 2571">
     <span class='ocr_line' id='line_1_29' title="bbox 355 2526 695 2571; baseline 0 -11"><span class='ocrx_word' id='word_1_206' title='bbox 355 2535 365 2551; x_wconf 92' lang='lat'>¹</span> <span class='ocrx_word' id='word_1_207' title='bbox 387 2526 512 2571; x_wconf 81' lang='lat' dir='ltr'><em>Scripta</em></span> <span class='ocrx_word' id='word_1_208' title='bbox 527 2536 601 2559; x_wconf 86' lang='lat' dir='ltr'><em>ann.</em></span> <span class='ocrx_word' id='word_1_209' title='bbox 622 2526 695 2560; x_wconf 76' lang='lat'><strong>586.</strong></span> 
     </span>
    </p>
   </div>
   <div class='ocr_carea' id='block_1_7' title="bbox 1754 0 1774 740">
    <p class='ocr_par' dir='ltr' id='par_1_9' title="bbox 1754 0 1774 740">
     <span class='ocr_line' id='line_1_30' title="bbox 1754 0 1774 740; baseline 0 2418"><span class='ocrx_word' id='word_1_210' title='bbox 1754 0 1774 740; x_wconf 95' lang='lat' dir='ltr'><em> </em></span> 
     </span>
    </p>
   </div>
  </div>
 </body>
</html>
