1774 3158
308 212 360 254 38
850 229 879 256 s.
922 230 1111 258 Aunnosn

305 309 500 365 laqueum
520 307 707 364 impulit,
729 309 901 350 armavit
921 310 968 348 ad
988 308 1192 365 gladiuun
1217 318 1261 349 ut
1279 309 1319 350 in
1338 324 1385 352 eo
1404 310 1492 367 ipso
1511 326 1645 354 amen-

306 379 406 421 tiam
439 394 554 420 suam
580 380 828 436 proderent,
860 389 1036 420 mortem
1062 395 1146 419 nou
1172 379 1370 427 serentes,
1405 390 1445 421 et
1468 392 1645 424 mortem

310 456 552 506 appetentes
578 464 587 489 :
611 457 652 490 et
682 449 795 504 quod
818 465 892 505 pro
924 451 1033 490 malo
1057 449 1268 505 sugerent,
1292 465 1366 506 pro
1388 452 1571 493 remedio
1590 467 1648 493 as-

312 517 545 559 cisserent?
570 518 651 568 Qui
680 519 876 574 quoniam
904 528 1229 560 consentaneum
1254 528 1409 561 naturae
1433 537 1515 562 suae
1541 522 1650 563 serre

309 602 357 628 ae
380 587 540 644 perpeti
564 587 865 643 nequiverunt,
891 589 1145 629 contrarium
1170 593 1265 629 voto
1292 589 1507 638 incidunt3
1533 598 1578 631 ut
1599 590 1649 631 ab

306 655 370 697 his
393 656 433 697 in
458 665 705 713 perpetuum
728 667 996 713 separentur,
1030 674 1132 714 quos
1162 659 1279 714 sequi
1309 659 1646 702 desideraverint.

311 724 393 768 Sed
411 726 500 768 haec
519 741 626 775 rara3
647 727 844 782 quoniam
861 737 1008 770 natura
1027 729 1111 785 ipsa
1131 736 1313 776 revocat,
1334 729 1410 770 etsi
1423 729 1654 786 praecipitet

300 818 305 819 ν
334 796 527 838 amentia.

372 867 468 909 XII.
507 868 614 909 Illud
634 883 733 910 vero
749 868 944 925 frequens
962 870 1002 911 in
1021 870 1267 912 mulieribus
1291 872 1304 925 (
1322 872 1370 912 15
1385 871 1397 926 )
1412 903 1421 919 ,
1440 879 1486 912 ut
1506 872 1658 912 clamo-

314 953 379 979 res
402 938 595 995 publicos
619 948 784 987 serant,
822 940 939 996 quasi
973 949 1162 982 metuant
1188 957 1241 984 ne
1270 957 1413 984 earum
1445 941 1660 999 ignoretur

318 1023 507 1051 aerumna
529 1025 538 1050 ε
558 1018 605 1050 ut
626 1010 810 1052 illuviem
828 1011 952 1052 vestis
977 1011 1173 1054 affectent
1190 1046 1199 1060 ,
1230 1013 1343 1068 quasi
1363 1014 1402 1053 in
1428 1028 1471 1054 ea
1497 1012 1548 1054 sit
1573 1028 1663 1054 sen-

317 1094 388 1121 sus
412 1079 579 1121 dolendi
602 1095 611 1120 ε
632 1089 677 1122 ut
703 1081 915 1137 impexum
937 1082 1131 1124 sordibus
1152 1082 1425 1124 immadident
1443 1091 1596 1140 caput:
1619 1091 1662 1123 ut

318 1158 550 1206 postremo,
570 1151 685 1206 quod
701 1151 911 1208 plerisque
927 1152 969 1194 in
986 1153 1087 1194 locis
1105 1154 1227 1208 vulgo
1247 1152 1334 1194 fieri
1354 1155 1473 1200 solet,
1493 1153 1663 1194 discisso

320 1219 475 1262 amictu
492 1252 503 1269 ‚
524 1219 738 1262 diloricata
758 1231 870 1263 veste
884 1255 893 1269 ,
912 1223 1060 1264 secreti
1079 1223 1248 1278 pudoris
1266 1224 1376 1264 nuda
1396 1222 1663 1279 prostituant,

322 1290 441 1346 quasi
464 1290 598 1348 ipsum
617 1292 912 1334 lenocinentur
929 1293 1149 1349 pudorem,
1175 1292 1268 1349 quia
1292 1293 1463 1349 pudoris
1487 1293 1548 1334 sui
1567 1308 1668 1349 prae-

324 1360 405 1402 mia
424 1362 711 1417 perdiderunt.
735 1362 802 1404 Sic
821 1377 1019 1419 procaces
1042 1362 1154 1404 oculi
1176 1364 1459 1419 provocantur
1474 1396 1484 1410 ,
1510 1371 1556 1404 ut
1573 1377 1668 1403 con·

325 1420 570 1489 cupiscant‚
596 1441 643 1473 ut
675 1447 814 1473 amare
845 1433 1046 1489 incipiant
1076 1434 1264 1474 membra
1297 1434 1450 1474 nudata
1479 1448 1487 1473 :
1513 1431 1668 1488 quaesi

321 1515 407 1542 non
441 1500 674 1558 aspicerent
689 1534 700 1550 ,
740 1517 824 1543 non
863 1511 1063 1544 amarent.
1099 1502 1236 1559 Atque
1273 1503 1431 1544 utinam
1460 1503 1670 1544 sordidata

328 1571 397 1613 illa
420 1579 660 1628 tegumenta
683 1573 870 1629 corporis
893 1589 974 1615 non
1000 1573 1182 1630 speciem
1197 1606 1206 1621 ‚
1237 1573 1306 1614 sed
1333 1582 1518 1615 mentem
1541 1574 1672 1615 obnu-

325 1642 488 1684 berent.
510 1641 630 1684 Latet
646 1644 893 1699 plerumque
912 1644 988 1685 sub
1008 1644 1112 1686 tristi
1132 1643 1287 1685 amictu
1305 1644 1456 1684 mentis
1473 1643 1641 1685 lascivia
1663 1658 1671 1684 :

326 1720 369 1754 et
384 1711 581 1754 deformis
593 1711 746 1754 horror
762 1714 885 1755 vestis
903 1714 1131 1762 obtexitur,
1152 1723 1197 1755 ut
1215 1722 1373 1754 secreta
1391 1714 1672 1770 petulantium

327 1792 524 1840 tegantur
546 1784 795 1825 animorum.

388 1852 506 1895 XIII.
541 1852 649 1895 Satis
666 1852 734 1910 pie
754 1853 888 1894 virum
916 1855 1052 1910 luget,
1075 1869 1166 1910 quae
1187 1863 1323 1896 servat
1341 1856 1547 1911 pudorem
1561 1887 1571 1902 ,
1593 1868 1677 1895 non

332 1922 486 1965 deserit
508 1921 650 1965 fidem.
683 1923 780 1965 Haec
805 1924 913 1965 bene
943 1924 1150 1965 defunctis
1183 1923 1316 1965 officia
1347 1924 1676 1980 impenduntur,

334 2001 381 2035 ut
396 1993 535 2035 vivant
552 1993 593 2034 in
611 1994 822 2036 mentibus
838 2027 848 2041 ,
866 1994 906 2035 in
927 1993 1144 2036 affectibus
1165 2002 1445 2050 perseverent.
1470 1993 1562 2036 Non
1582 1993 1681 2035 ami-

333 2063 386 2105 sit
415 2063 577 2112 virum,
612 2079 703 2120 quae
738 2064 910 2106 exhibet
935 2063 1166 2106 castitatem
1195 2079 1203 2104 :
1226 2078 1308 2104 non
1327 2062 1570 2104 estviduata
1588 2078 1684 2104 con-

335 2133 473 2190 jugio,
500 2149 591 2190 quae
618 2148 702 2176 non
725 2134 902 2176 mutavit
929 2150 1083 2176 nomen
1106 2133 1255 2176 mariti.
1283 2133 1368 2176 Nec
1397 2142 1439 2174 tu
1464 2132 1682 2189 perdidisti

339 2204 567 2253 haeredem,
594 2221 685 2261 quae
709 2205 878 2260 adjuvas
904 2206 1164 2246 cohaeredem
1196 2220 1205 2245 :
1235 2205 1306 2245 sod
1336 2219 1410 2261 pro
1438 2218 1681 2245 successore

343 2275 681 2332 corruptibilium
698 2309 707 2324 ‚
731 2276 901 2318 mutasti
923 2284 1159 2318 consortem
1191 2275 1508 2316 immortalium.
1549 2274 1683 2314 [labos

344 2344 415 2400 qui
435 2344 510 2386 tibi
534 2354 804 2401 repraesentet
826 2346 1033 2387 haeredem
1060 2360 1069 2386 :
1095 2346 1207 2386 solve
1234 2344 1431 2401 pauperi,
1467 2345 1580 2399 quod
1602 2345 1677 2384 de-

345 2414 471 2455 betur
491 2414 646 2456 baeredi
663 2432 673 2464 ;
692 2423 740 2457 ut
760 2430 843 2456 non
865 2417 998 2457 solum
1025 2423 1223 2456 maternae
1248 2423 1319 2455 aut
1339 2422 1521 2470 paternae
1541 2428 1680 2454 senec·

340 2483 463 2531 tutis,
488 2485 561 2526 sed
582 2484 707 2527 etiam
731 2485 825 2527 vitae
846 2485 1025 2543 propriae
1048 2485 1100 2526 sit
1126 2494 1347 2542 superstes.
1385 2483 1481 2525 Plus
1512 2497 1681 2524 succos-
