1774 3158
294 215 344 243 DE
378 214 550 244 EXCESSU
583 214 755 243 FRATRIS
788 215 848 244 SUI
883 217 1051 252 SATYM,
1086 218 1166 246 Lm.
1206 219 1232 247 1.
1397 208 1447 250 13

101 292 295 335 omnibus
314 307 356 334 es
378 292 661 349 p1·:rserendus
678 325 687 341 ,
708 292 904 349 cripe-rim
926 295 1040 349 quasi
1060 295 1152 337 idco
1169 305 1347 338 mortem
1370 298 1448 339 dis-

103 361 266 411 tuleris,
291 369 338 403 ut
360 376 673 404 consummares
690 362 855 419 pietatis
878 362 1062 405 ossicium
1077 397 1086 412 ,
1107 367 1290 423 palmam
1307 365 1449 408 effica-

101 432 174 475 ciae
201 440 450 490 reportares.

158 503 294 546 XXV.
333 503 471 554 Quam
493 518 572 545 nec
610 503 686 560 ipsi
721 519 822 553 nos,
860 504 988 547 frater
1023 505 1290 558 charissime,
1311 510 1452 553 saeculi

101 573 226 629 hujus
263 574 529 615 delectabant
566 574 769 623 honores,
810 575 921 631 quod
956 591 1031 617 nos
1068 592 1087 617 a
1119 578 1240 620 nobis
1272 580 1450 622 invicem

103 644 370 686 dividebant!
395 644 510 695 Quos
530 645 623 686 ideo
644 645 783 702 adepti
805 661 948 687 sumus
965 679 974 695 ,
996 661 1079 688 non
1098 648 1192 703 quia
1210 648 1288 690 suit
1305 665 1452 692 eorum

102 715 359 771 expectenda
377 714 611 770 perceptio,
638 715 710 756 sed
735 729 788 756 ne
808 714 900 756 vilis
929 715 1202 759 dissimulatio
1223 718 1450 763 videretur.

102 783 187 827 Aut
207 784 380 826 sortasse
402 784 494 826 ideo
518 792 616 826 sunt
638 784 811 834 tributi,
837 794 882 826 ut
901 785 996 841 quia
1018 786 1243 828 immaturo
1263 788 1320 829 tui
1337 789 1456 831 obitu

101 862 253 897 nostrae
285 855 450 896 futurus
487 869 578 897 eras
612 855 835 911 voluptatis
866 869 1069 904 occasus,
1105 856 1193 899 sine
1223 858 1344 901 nobis
1370 859 1455 916 jam

103 925 240 967 vivere
259 925 529 967 disceremus.

161 995 317 1039 XXVI.
340 996 391 1038 Et
408 996 578 1053 quidem
599 1010 790 1053 praesagae
806 996 958 1038 mentis
973 1011 1154 1053 agnosco
1167 997 1453 1049 formidinem,

104 1068 205 1109 dum
222 1075 366 1124 repeto
385 1082 492 1123 saepe
508 1098 518 1114 ,
540 1081 632 1122 quae
649 1066 903 1123 scripserim.
931 1067 1197 1110 Revocabam
1217 1077 1256 1110 te
1270 1102 1279 1118 ‚
1301 1069 1428 1112 frater
1443 1104 1453 1120 ,

104 1152 157 1179 ne
189 1136 276 1194 ipse
311 1137 495 1179 Africam
529 1145 716 1194 peteres,
750 1153 797 1178 ac
821 1137 960 1194 potius
993 1138 1173 1194 aliquem
1209 1141 1451 1183 destinares.

105 1207 322 1250 Timebam
348 1216 387 1249 te
412 1206 679 1248 committere
703 1206 800 1254 viae,
826 1206 1026 1248 ssuctihus
1049 1208 1245 1257 credere,
1270 1217 1310 1251 et
1336 1211 1457 1252 solito

104 1286 240 1319 metus
257 1276 392 1333 major
414 1277 640 1318 incesserat
663 1277 851 1318 animum
878 1292 887 1318 :
913 1278 986 1318 sed
1008 1285 1050 1318 et
1077 1279 1455 1335 peregrinationem

105 1346 371 1405 explicuisti,
406 1355 446 1388 et
479 1362 567 1388 rem
601 1346 826 1394 ordinasti,
859 1355 901 1388 et
933 1347 1125 1389 veteriet
1157 1347 1391 1397 sentinoso,
1412 1357 1458 1391 ut

108 1417 232 1458 audio
248 1450 258 1465 ,
296 1416 460 1473 navigio
498 1417 650 1458 iterum
689 1425 728 1458 te
745 1410 748 1413 ’
764 1415 964 1458 ssuctibus
1002 1417 1230 1459 credidisti.
1271 1417 1460 1475 Namque

106 1502 205 1530 cum
226 1486 483 1529 celeritatem
517 1486 761 1544 aucuparis,
788 1488 993 1529 cautelam
1016 1487 1343 1543 praetermisisti,
1371 1488 1457 1529 avi-

107 1559 183 1601 dus
206 1567 357 1600 nostrae
380 1558 544 1614 gratiae,
568 1557 833 1599 dissimulans
858 1557 1034 1614 periculi
1062 1558 1132 1600 tui.

164 1627 343 1671 XXVII.
381 1629 417 1670 O
449 1627 572 1670 fallax
592 1628 755 1670 laetitiat
784 1643 807 1668 o
833 1627 990 1669 incerta
1013 1627 1294 1669 humanarum
1317 1643 1458 1671 rerum

109 1700 319 1742 curricula
341 1700 349 1740 1
377 1699 437 1741 Ex
457 1699 597 1741 Africa
619 1699 833 1740 redditum
850 1730 861 1746 ,
892 1714 941 1740 ex
972 1699 1076 1740 mari
1109 1699 1374 1748 restitutum,
1408 1716 1458 1742 cx

108 1770 323 1827 naufragio
340 1779 566 1816 servatum,
586 1769 838 1826 putabamus
853 1768 935 1824 jam
956 1769 1078 1810 nobis
1096 1784 1179 1811 non
1197 1784 1316 1827 posse
1328 1769 1456 1827 eripi:

110 1842 182 1883 sed
209 1841 395 1897 graviora
430 1840 640 1896 naufragia
675 1839 715 1880 in
748 1839 866 1880 terris
898 1839 1020 1895 positi
1052 1839 1327 1887 sustinemus;
1362 1854 1458 1881 nam

110 1926 235 1967 quem
262 1927 345 1953 non
367 1918 596 1969 potuerunt
626 1909 838 1965 naufragia
872 1909 997 1950 maris
1028 1910 1078 1950 ad
1111 1917 1291 1951 mortem
1324 1910 1459 1951 dedu-

111 1998 227 2032 cere,
260 1983 439 2026 strenuis
472 1981 682 2023 natatibus
712 1981 885 2027 evitata,
918 1979 1007 2035 ejus
1039 1994 1152 2021 mors
1184 1980 1311 2037 coepit
1340 1980 1460 2022 nobis

110 2069 199 2095 esse
217 2051 444 2109 naufragio.
469 2051 583 2102 Quid
604 2050 714 2092 enim
736 2057 926 2106 superest
946 2049 1181 2096 suavitatis,
1207 2049 1358 2105 quibus
1377 2057 1462 2091 tam

111 2125 321 2182 praedulce
339 2123 488 2170 decus,
512 2130 594 2163 tam
614 2121 775 2162 clarum
798 2120 838 2160 in
859 2119 921 2160 his
940 2119 1087 2160 mundi
1110 2119 1294 2161 tenebris
1317 2117 1461 2161 lumen

112 2194 342 2236 extinctum
367 2201 430 2234 est
453 2207 462 2233 τ
486 2192 527 2233 in
549 2207 631 2248 quo
655 2205 738 2233 non
762 2198 912 2232 nostrae
939 2190 1073 2231 solum
1096 2188 1287 2238 familiae,
1314 2188 1386 2231 sed
1405 2198 1461 2231 to-

113 2266 194 2308 tius
218 2264 360 2322 patriae
383 2263 510 2305 decus
534 2262 727 2304 occidit?

172 2334 369 2379 XXVIII.
402 2334 546 2376 Habeo
568 2348 665 2375 sane
687 2332 802 2374 vobis
820 2364 829 2380 ,
855 2332 1002 2373 fratres
1024 2330 1311 2379 dilectissimi,
1345 2331 1464 2388 plebs

114 2416 258 2450 sancta
278 2440 287 2456 ,
327 2405 551 2448 maximam
587 2403 762 2461 gratiam
790 2434 799 2449 ,
837 2403 952 2458 quod
988 2415 1073 2442 non
1113 2400 1238 2441 alium
1279 2401 1467 2442 dolorem

115 2493 278 2528 meum,
301 2492 426 2535 qnam
445 2485 628 2519 vestrum
650 2474 807 2532 putatis
829 2506 838 2522 ,
863 2473 977 2529 quod
999 2472 1116 2513 vobis
1141 2471 1342 2513 accidisse
1359 2471 1467 2513 hanc

116 2549 247 2593 nostri
283 2548 451 2592 creditis
488 2546 755 2591 solitudinem
783 2577 791 2593 ,
833 2544 946 2601 quod
977 2543 1125 2586 fletum
1168 2542 1292 2585 totius
1328 2541 1467 2584 civit-a-
