1774 3158
271 210 353 260 304
827 220 858 249 S.
898 220 1090 249 Airnnosu

273 301 384 343 dona
418 297 667 346 detraxerit,
698 298 812 355 quod
849 297 1007 341 factum
1043 306 1105 339 est
1147 295 1406 339 Christianis.
1446 296 1551 349 Quae
1589 297 1620 340 si

274 371 381 413 sacta
397 378 534 412 essent
555 369 779 426 gentilibus
795 402 804 417 ,
823 370 1072 411 redderetur
1093 368 1229 424 potius
1249 383 1374 424 quam
1396 367 1623 411 inferretur

274 440 439 497 injuria.
470 439 687 482 Nunccine
724 440 896 481 demum
931 439 1089 496 justitia
1126 438 1422 495 praetenditur,
1451 439 1623 495 aequitas

273 509 539 566 postulatur?
571 509 648 551 Ubi
680 514 782 551 tnnc
814 518 902 551 erat
936 510 1010 550 ista
1049 508 1280 555 sententizn
1317 523 1415 549 cum
1451 507 1623 564 direptis

276 581 610 622 Christianorum
629 581 818 622 omnium
839 580 1123 627 facultatibus,
1139 579 1248 635 ipsos
1260 579 1403 620 vitales
1420 579 1626 620 anhelitus

274 651 526 700 inviderent,
559 659 600 692 et
622 651 745 692 nullis
769 665 944 706 usquam
973 658 1118 706 negata
1147 649 1356 690 defunctis
1389 648 1628 690 inhiberent

275 737 479 778 supremae
501 721 754 779 commercia
778 719 1029 777 sepultnrae?
1054 720 1170 770 Quos
1203 719 1377 775 gentiles
1399 718 1627 775 praecipita-

275 802 397 841 runt,
419 793 547 834 maria
579 793 868 834 reddiderunt.
891 791 1008 832 Fidei
1038 790 1112 831 ista
1138 790 1310 830 victoria
1339 798 1420 838 est,
1450 790 1563 845 quod
1591 798 1632 830 et

277 864 352 921 ipsi
371 864 456 920 jam
480 863 587 905 facta
616 862 825 918 majorum
850 848 1052 917 cd‘rpnnh
1079 876 1260 916 qnorum
1285 868 1397 916 gesta
1426 861 1631 902 condem-

280 942 394 975 nant.
414 934 497 975 Sed
520 948 635 988 qnae,
659 932 841 974 malum!
861 932 965 973 ratio
984 964 993 979 ,
1016 940 1060 972 nt
1090 945 1234 971 eorum
1262 944 1436 971 munera
1459 938 1630 986 petant,

281 1018 460 1059 quorum
479 1010 592 1058 gesta
616 1001 931 1042 condemnant?

339 1073 472 1115 XVII.
514 1072 644 1114 Nemo
667 1080 806 1113 tamen
832 1070 1005 1112 donaria
1037 1070 1222 1111 delubris
1239 1103 1248 1118 ‚
1271 1079 1311 1111 et
1328 1072 1461 1127 legata
1486 1069 1634 1111 harus-

280 1143 443 1199 picibus
486 1141 733 1197 denegavit:
772 1141 856 1181 sola
889 1141 1050 1181 sublata
1081 1149 1177 1180 snnt
1211 1139 1388 1195 praedia;
1423 1140 1518 1195 qnia
1553 1154 1636 1180 non

282 1212 472 1269 religiose
503 1212 731 1252 utebantur
756 1210 828 1257 iis,
861 1225 953 1266 quae
985 1209 1196 1265 religionis
1228 1209 1321 1264 jure
1345 1208 1631 1249 defenderent.

285 1283 367 1334 Qui
391 1291 535 1324 nostro
567 1290 747 1323 utuntur
770 1283 961 1338 exemplo
979 1314 987 1328 ‚
1013 1296 1088 1321 cnr
1114 1295 1196 1320 non
1224 1280 1452 1320 utebantur
1471 1278 1638 1320 officio?

282 1354 395 1396 Nihil
418 1353 600 1394 Ecclesia
620 1352 696 1393 sibi
713 1384 723 1400 ,
744 1352 822 1393 nisi
845 1351 972 1392 fidem
997 1350 1193 1407 possidet.
1218 1350 1303 1391 Hos
1326 1349 1514 1391 redditus
1538 1363 1639 1405 prae-

287 1425 382 1473 bet,
409 1424 483 1465 hos
507 1423 679 1465 fruetus.
716 1422 924 1464 Possessio
951 1421 1148 1462 Ecclesiae
1172 1429 1362 1477 sumptus
1387 1429 1449 1461 est
1483 1434 1637 1476 egeno-

285 1511 391 1537 rum.
423 1495 653 1537 Numerent
681 1508 783 1550 qnos
809 1493 1067 1534 redemerint
1108 1493 1261 1548 templa
1294 1492 1509 1547 captivos,
1549 1505 1641 1546 qum.

284 1566 540 1608 contulerint
558 1566 752 1605 alimenta
778 1563 1054 1621 pauperibus,
1085 1563 1238 1618 quibus
1257 1562 1447 1602 exulibus
1469 1562 1635 1603 vivendi

286 1635 469 1693 Sttlfflflia
510 1634 854 1676 ministraverint.
897 1632 1055 1674 Praedia
1094 1631 1219 1688 igitur
1257 1631 1486 1688 intercepta
1503 1662 1513 1679 ‚
1555 1645 1638 1670 non

286 1706 377 1762 jura
403 1713 514 1746 sunt.

343 1776 498 1818 XVIII.
537 1775 598 1816 En
629 1776 742 1831 quod
765 1774 947 1824 sactum,
974 1788 1065 1829 quae
1091 1772 1206 1814 triste
1234 1772 1366 1828 piaret
1399 1770 1559 1823 nefas?‚
1590 1769 1646 1811 sa-

284 1862 395 1895 mes,
423 1855 467 1887 ut
485 1846 627 1893 aiunt,
648 1844 818 1901 publica
840 1843 1088 1891 vindicavit3
1108 1844 1204 1899 quia
1232 1842 1325 1883 usui
1343 1842 1532 1883 omnium
1554 1855 1646 1897 pro·

204 1951 232 1967 2⁷
286 1918 413 1958 ficere
450 1915 602 1972 coepit,
642 1915 756 1970 quod
797 1912 1049 1970 proficiebat
1086 1912 1324 1954 commodis
1359 1913 1645 1953 sacerdotum.

282 1989 507 2045 Propterea
526 2001 626 2043 ergo
646 1985 844 2027 detractis
860 2018 869 2033 ‚
894 1993 941 2026 nt
964 1985 1104 2032 aiunt,
1129 1985 1297 2025 arbusta
1323 1992 1445 2025 exuta
1475 1982 1646 2024 cortici·

285 2060 384 2108 bus3
415 2072 543 2100 succo
570 2056 800 2099 miserabili
824 2055 1111 2097 deficientium
1141 2069 1211 2096 ora
1234 2055 1493 2096 lambebant.
1521 2055 1646 2110 Prop-

284 2139 396 2172 terea
425 2128 657 2170 Chaoniam
681 2127 853 2186 'frugem
886 2119 1037 2183 glande
1077 2127 1110 2180 (ι
1131 2126 1191 2180 10)
1232 2134 1470 2172 mutantes,
1501 2139 1645 2165 rursus

286 2199 327 2241 in
346 2200 558 2256 pecudum
571 2205 786 2254 pastus,et
806 2197 857 2238 ad
879 2195 1054 2237 infelicis
1073 2195 1206 2236 victus
1226 2196 1421 2236 alimenta
1441 2193 1641 2242 revocati,

287 2284 488 2311 concussa
511 2266 718 2324 quercu²,
748 2268 901 2308 samem
937 2265 977 2306 in
1017 2265 1143 2322 sylvis
1165 2265 1360 2307 miseram
1387 2265 1642 2306 solabantur.

335 2380 341 2393 ¹
364 2370 421 2402 134
438 2370 578 2402 imitatio
597 2369 684 2411 Virg.
703 2368 833 2400 AEneid.
854 2379 889 2399 ιι.
910 2378 994 2400 vers.
1019 2368 1086 2405 184.

524 2423 671 2465 Effigiem
685 2430 836 2462 statuere,
856 2423 943 2454 nefus
958 2434 1028 2465 qnae
1048 2423 1138 2455 triste
1154 2423 1266 2464 piaret.

293 2510 330 2516 —
354 2499 364 2513 ²
387 2491 463 2523 Istic
482 2499 608 2533 qnoque
626 2489 777 2520 alluditur
793 2488 832 2520 ad
847 2488 1058 2529 virgilianum
1075 2487 1152 2519 illud
1168 2486 1286 2528 Georg.
1306 2469 1343 2523 fi,
1359 2497 1440 2520 vers.
1466 2487 1537 2529 159.

519 2544 744 2585 Concussaque
757 2542 871 2575 samem
891 2541 924 2573 in
945 2540 1040 2584 sylvis
1056 2540 1200 2574 solabere
1223 2550 1354 2583 quercu.
