1774 3158
274 186 284 211 1
300 172 349 219 :3112
827 182 856 207 s.
896 181 1085 209 Amnaosn

324 259 472 302 XLIII.
512 257 634 300 Venit
657 271 757 314 ergo
781 258 955 306 Helena,
981 259 1108 316 coepit
1134 259 1313 301 revisere
1340 261 1432 302 loca
1453 269 1609 309 sancta,

266 330 417 372 infudit
431 329 468 370 ei
486 327 664 386 Spiritus
687 337 733 369 ut
753 329 911 385 lignum
935 329 1071 371 crucis
1096 330 1346 386 requireret,
1371 331 1546 372 accessit
1564 333 1613 373 ad

267 401 494 457 Golgotha,
528 409 569 441 et
606 399 812 441 ait:Ecce
846 401 964 441 locus
998 415 1173 457 pugnae,
1214 400 1287 441 ubi
1320 411 1382 442 est
1413 401 1616 443 victoria?

264 471 417 521 Quaero
440 470 636 511 vexillum
669 468 835 516 salutis,
862 478 903 511 et
928 484 1011 510 non
1039 469 1217 511 invenio.
1245 470 1357 526 Ego,
1386 470 1550 526 inquit,
1576 472 1616 512 in

262 541 415 598 regnis,
449 548 491 581 et
522 554 625 581 crux
652 539 820 580 Domini
851 539 891 580 in
922 539 1123 595 pulvere?
1155 553 1232 594 ego
1261 540 1302 580 in
1333 540 1485 589 aurcis,
1512 540 1617 582 etin

264 612 394 652 ruinis
421 610 574 652 Christi
598 609 869 666 triumphus?
895 609 963 650 ille
991 609 1128 650 adhuc
1148 610 1265 658 latet,
1291 619 1332 652 et
1353 611 1454 652 latet
1478 612 1616 667 palma

264 682 355 724 vitae
387 681 583 722 mternae?
608 676 838 731 Quomodo
870 695 937 721 me
974 680 1234 737 redemptam
1265 680 1468 729 arbitror,
1495 681 1528 722 si
1550 696 1617 723 re-

262 751 448 808 demptio
474 752 558 808 ipsa
583 765 666 792 uon
690 750 910 792 cernitur?

317 820 464 864 XLIV.
508 820 635 863 Video
679 820 779 875 quid
815 820 972 875 egeris,
1016 819 1181 861 diabole
1198 852 1208 868 ,
1249 829 1295 860 ut
1336 819 1500 874 gladius
1535 834 1618 876 quo

265 899 506 948 peremptus
527 906 585 938 es,
609 890 912 932 obstrueretur.
941 889 1023 931 Sed
1045 889 1164 930 Isaac
1187 890 1426 930 obstructos
1450 888 1499 930 ab
1523 888 1619 929 alie·

265 961 424 1017 nigenis
449 970 596 1017 puteos
619 959 873 1006 eruderavit,
899 974 977 1000 nec
1009 960 1140 1000 latere
1167 974 1316 1014 aquam
1341 974 1486 1016 passus
1508 958 1613 1000 est¹.

265 1031 454 1072 'tollatur
479 1031 603 1085 igitur
623 1030 759 1077 ruina,
784 1038 830 1070 ut
853 1030 933 1070 vita
959 1037 1415 1085 appareatquomatur
1438 1028 1616 1085 gladiuS,

267 1113 349 1154 quo
371 1099 455 1139 veri
479 1098 609 1139 Goliae
632 1107 759 1154 caput
782 1105 843 1138 est
872 1097 1162 1153 amputatum2
1184 1098 1418 1154 :aperiatur
1448 1092 1619 1145 humus,

269 1177 312 1209 ut
349 1169 458 1209 salus
497 1167 666 1224 fulgeat.
707 1168 821 1218 Quid
852 1167 988 1223 egisti,
1031 1167 1212 1214 diabole,
1253 1176 1300 1208 ut
1339 1168 1619 1209 absconderes

267 1236 477 1295 lignum³3
506 1238 582 1278 nisi
612 1246 658 1278 ut
691 1237 843 1278 iterum
875 1236 1131 1278 vincereris?
1155 1237 1265 1279 Vicit
1289 1246 1328 1278 tc
1349 1237 1500 1287 Maria,
1531 1252 1620 1293 quae

267 1308 410 1363 genuit
432 1307 801 1363 triumphatorem,
825 1321 917 1361 quse
937 1306 1024 1347 sine
1043 1305 1338 1347 imminutione
1355 1306 1619 1362 virginitatis,

265 1378 395 1419 ‹=‹lidit
419 1392 535 1424 euin,
560 1378 629 1432 qui
654 1376 880 1418 crucifixus
906 1376 1094 1418 vinceret
1114 1385 1171 1423 te,
1194 1385 1235 1418 et
1262 1385 1454 1418 mortuus
1473 1377 1618 1433 subju-

268 1457 395 1506 garet.
436 1447 628 1489 Vinceris
657 1456 698 1488 et
727 1448 870 1496 hodie,
896 1455 942 1488 ut
967 1447 1119 1488 mulier
1147 1455 1238 1488 tuas
1267 1447 1436 1489 insidias
1471 1448 1623 1504 depre-

270 1520 438 1560 hendat.
466 1518 536 1558 Illa
563 1517 678 1573 quasi
703 1525 846 1558 sancta
876 1517 1104 1557 Dominum
1129 1517 1321 1573 gestavit,
1347 1532 1422 1573 ego
1451 1531 1621 1558 crucem

267 1588 357 1643 ejus
375 1587 633 1644 investigabo
648 1603 656 1627 ε
670 1587 736 1628 illa
756 1595 1001 1643 generatum
1022 1586 1182 1635 docuit,
1203 1601 1280 1643 ego
1298 1587 1618 1629 resuscitatum:

268 1659 335 1699 illa
360 1657 458 1699 fecit
480 1666 525 1697 ut
550 1658 661 1698 Deus
684 1657 792 1697 inter
814 1656 1005 1697 homines
1028 1656 1260 1705 videretur,
1284 1671 1360 1713 ego
1384 1658 1435 1699 ad
1458 1665 1623 1699 nostro·

266 1743 359 1768 rum
392 1727 625 1768 remedium
657 1734 929 1782 peccatorum
970 1725 1158 1767 divinum
1195 1727 1246 1767 de
1279 1726 1412 1767 ruinis
1449 1727 1623 1768 elevabo

268 1799 480 1840 vexillum.

326 1867 453 1910 XLV.
491 1866 638 1924 Aperit
673 1867 812 1922 itaque
844 1866 1046 1916 humum,
1084 1866 1244 1908 decutit
1265 1867 1515 1924 pulverem:
1544 1868 1624 1910 tria

267 1937 452 1994 patibula
478 1936 650 1978 confusa
673 1937 852 1993 reperit,
879 1951 971 1993 quae
991 1936 1111 1978 ruina
1139 1944 1406 1985 contexerat,
1428 1936 1624 1979 inimicus

267 2008 556 2049 absconderat.
584 2006 666 2065 Sed
685 2022 771 2048 non
795 2007 933 2062 potuit
953 2006 1166 2048 obliterari
1190 2005 1345 2048 Christi
1362 2006 1618 2064 triumphus.

265 2079 433 2119 Incerto
457 2077 586 2118 haerct
615 2092 622 2116 :
650 2077 777 2117 haeret
794 2110 803 2123 ‚
832 2085 878 2117 ut
904 2076 1078 2124 mulier,
1102 2076 1177 2118 sed
1197 2085 1357 2118 certam
1382 2077 1623 2134 indaginem

263 2155 432 2188 sauctus
459 2145 639 2203 Spiritus
662 2146 835 2202 inspirat
858 2160 907 2186 eo
941 2146 1055 2202 quod
1088 2145 1171 2187 duo
1200 2147 1383 2187 latrones
1406 2159 1503 2187 cum
1534 2146 1622 2188 Do-

260 2217 374 2258 mino
401 2214 592 2257 crucifixi
615 2215 785 2257 suerint.
815 2215 975 2267 Quaerit
1004 2230 1102 2272 ergo
1130 2215 1511 2272 mediumlignum.
1539 2215 1623 2258 Sed

258 2294 422 2341 poterat
444 2285 534 2326 fieri
559 2293 604 2326 ut
625 2285 813 2342 patibula
837 2286 946 2326 inter
969 2301 1011 2327 se
1038 2285 1158 2326 ruina
1180 2285 1479 2334 confunderet,
1501 2299 1621 2327 casus

257 2358 495 2398 inverteret.
532 2356 655 2398 Redit
691 2357 742 2397 ad
766 2355 977 2412 Evangelii
1008 2355 1259 2404 lectionem,
1284 2355 1442 2397 invenit
1461 2354 1555 2411 quia
1578 2355 1621 2396 in

255 2425 394 2468 medio
429 2425 617 2482 patibulo
642 2426 838 2482 praelatus
869 2426 1013 2467 titulus
1046 2432 1136 2466 erat
1170 2440 1211 2466 κ(
1233 2423 1356 2466 Jesus
1381 2424 1621 2468 Nazarenus

303 2525 311 2541 ¹
333 2516 416 2549 Gen.
441 2526 530 2556 xxvi,
563 2515 611 2548 18.
641 2533 681 2541 -
711 2526 723 2554 ³
760 2527 770 2547 1
805 2516 881 2559 Reg.
904 2527 988 2554 xvu,
1021 2516 1074 2551 51.
1104 2533 1144 2540 —
1168 2515 1279 2547 ³1sa'i.
1299 2524 1371 2559 xcv,
1384 2514 1417 2549 8.

1731 0 1740 53 ζ.

1732 64 1736 108 l

1733 111 1759 156 ι,

1735 163 1742 318 ἓ
