1774 3158
533 244 815 276 ΕΡῙετοιΔΒυΜ
847 245 1004 275 οιΑεειε
1039 248 1065 275 1.
1395 237 1477 292 295

132 341 270 376 more:
293 328 389 385 quia
417 327 548 370 libera
573 341 682 369 sum.
708 325 785 367 Hic
807 325 944 366 cultus
972 325 1012 366 in
1043 327 1156 383 leges
1186 341 1300 369 meas
1330 327 1479 370 orbem

131 399 324 455 redegit:
357 399 445 440 haec
466 412 582 440 sacra
614 396 864 439 Annibalem
888 410 908 437 a
937 397 1176 446 moenibus,
1212 413 1233 439 a
1268 398 1477 456 Capitolio

132 468 317 510 Senonas
340 469 599 525 repulerunt.
621 467 686 510 Ad
706 467 785 508 hoc
799 481 897 522 ergo
916 476 1077 509 servata
1097 483 1190 509 sum
1205 501 1215 516 ‚
1231 470 1475 527 utlongaeva

130 538 440 594 reprehendar?
472 537 625 580 Videro
663 538 776 593 quod
812 535 1119 578 instituendum
1146 547 1342 594 putatum
1386 556 1475 582 sera

131 615 269 649 tamen
291 617 332 649 et
354 608 656 650 contumeliosa
680 606 917 649 emendatio
942 608 1185 649 senectutis.

186 677 240 719 X.
277 677 384 734 Ergo
408 677 484 719 diis
513 677 678 734 patriis,
704 676 779 717 diis
802 675 1060 732 Indigetibus
1086 692 1232 734 pacem
1260 693 1469 734 rogamus.

128 747 309 802 AEquum
334 755 395 789 est
412 747 613 803 quidquid
630 760 775 787 omnes
798 743 966 794 colunt,
985 761 1116 788 unum
1140 748 1292 803 putari.
1316 748 1474 790 Eadem

127 825 362 872 spectamus
386 824 493 858 astra
508 849 519 866 ‚
545 831 769 857 commune
788 817 941 856 coelum
959 824 1046 863 est,
1062 816 1174 858 idem
1193 832 1269 859 nos
1288 819 1474 860 mundus

126 885 306 928 involvit.
337 887 449 938 Quid
479 888 652 928 interest
679 902 759 942 qua
782 886 957 943 quisque
984 888 1207 943 prudentia
1239 903 1383 929 verum
1407 904 1476 930 re-

125 956 290 1013 quirat?
315 958 403 999 Uno
433 957 582 999 itinere
617 971 700 998 non
732 965 869 1013 potest
898 957 1106 1013 perveniri
1131 959 1183 1000 ad
1208 965 1292 999 tam
1317 960 1476 1014 grande

124 1036 332 1070 secretum
354 1044 363 1069 ε
389 1030 461 1070 sed
491 1029 578 1069 haec
600 1028 829 1069 otiosorum
857 1028 1082 1085 disputatio
1105 1037 1166 1070 est
1187 1043 1196 1069 :
1224 1044 1336 1071 nunc
1367 1045 1441 1086 pre
1465 1056 1474 1062 -

124 1113 214 1144 ces,
241 1114 325 1140 non
350 1099 579 1141 certamina
600 1097 836 1139 offerimus.v

180 1168 254 1210 XI.
291 1168 461 1219 Quanto
505 1169 729 1209 commodo
763 1168 1029 1209 sacriaerarii
1073 1169 1195 1210 vestri
1234 1167 1469 1211 Vestalium

122 1238 328 1295 virginum
353 1239 623 1294 praerogativa
648 1240 837 1280 detracta
858 1237 950 1279 est?
971 1238 1059 1281 Sub
1076 1239 1317 1294 largissimis
1342 1240 1478 1295 impe-

122 1309 330 1350 ratoribus
355 1310 604 1365 denegatur,
631 1310 744 1364 quod
767 1309 999 1364 parcissimi
1023 1309 1346 1365 praestiterunt?
1382 1311 1473 1351 Ho-

122 1394 198 1420 nor
220 1380 330 1420 solus
363 1389 423 1420 est
459 1379 499 1419 in
525 1379 594 1420 illo
629 1380 741 1420 velut
764 1379 974 1435 stipendio
1008 1379 1221 1420 castitatis.
1270 1380 1319 1420 [t
1358 1380 1470 1421 vittae

119 1464 262 1490 earum
289 1449 415 1506 capiti
449 1450 576 1490 decus
599 1448 783 1496 faciunt,
819 1449 875 1489 ita
907 1447 1070 1504 insigne
1090 1449 1261 1489 ducitur
1277 1448 1473 1491 sacrificii

71 1549 77 1562 .
100 1533 267 1560 ·vacare
294 1518 554 1560 muneribus.
585 1518 753 1560 Nudum
783 1519 967 1574 quodam
989 1519 1117 1559 modo
1140 1533 1295 1560 nomen
1320 1520 1475 1560 immu-

118 1587 257 1630 nitatis
282 1589 526 1645 rcquirunt3
561 1579 758 1644 quoniam
783 1595 1031 1645 paupertate
1061 1603 1081 1628 a
1125 1589 1342 1645 dispendio
1368 1599 1471 1632 tutae

119 1667 228 1700 sunt.
264 1660 410 1716 Itaque
433 1659 610 1716 amplius
635 1659 757 1702 laudi.
789 1673 933 1700 earum
960 1659 1153 1700 tribuunt
1175 1692 1184 1707 ,
1222 1660 1293 1715 qui
1318 1661 1474 1717 aliquid

117 1729 177 1770 rei
199 1730 452 1778 detrahunt3
479 1729 685 1785 siquidem
722 1729 844 1770 saluti
875 1729 1054 1785 publicae
1093 1728 1229 1771 dicata
1253 1729 1468 1787 virginitas

116 1799 268 1840 crescit
286 1800 434 1841 merito
451 1832 461 1847 ,
483 1814 580 1840 cum
602 1808 719 1840 caret
740 1800 926 1855 praemio.

173 1870 268 1912 XII.
305 1870 457 1912 Absint
491 1871 540 1911 ab
563 1870 697 1912 aerarii
723 1870 848 1911 vestri
880 1870 1063 1927 puritate
1086 1870 1162 1912 ista
1197 1873 1465 1927 compendia.

115 1938 261 1981 Fiscus
284 1940 496 1981 bonorum
520 1940 757 1997 principum
781 1955 867 1982 non
897 1942 1164 1982 sacerdotum
1184 1941 1367 1990 damnis,
1396 1943 1471 1984 sed

113 2009 298 2051 hostium
318 2010 458 2065 spoliis
477 2018 691 2067 augeatur.
715 2011 921 2052 Ullum-ne
943 2010 1110 2052 lucrum
1135 2020 1383 2067 compensat
1403 2013 1471 2053 in·

113 2080 314 2122 vidiai'Et
338 2081 432 2137 quia
453 2081 622 2122 avaritia
645 2081 686 2122 in
705 2096 844 2122 mores
864 2089 1023 2123 vestros
1046 2096 1130 2123 non
1150 2082 1277 2129 cadit,
1294 2082 1375 2123 hoc
1394 2083 1471 2124 uii-

113 2151 289 2192 seriores
311 2159 435 2200 sunt,
460 2151 614 2207 quibus
640 2151 827 2193 subsidia
849 2161 988 2192 vetera
1008 2153 1206 2208 decerpta
1227 2160 1337 2193 sunt.
1370 2153 1469 2194 Ete-

111 2221 199 2262 nim
225 2222 301 2262 sub
334 2222 687 2278 imperatoribus,
714 2223 784 2278 qni
809 2222 945 2264 alieno
971 2223 1209 2269 abstinent,
1247 2224 1319 2279 qui
1346 2224 1467 2265 resis-

112 2300 207 2333 tunt
227 2292 471 2348 cupiditati,
497 2294 549 2334 ad
570 2294 701 2335 solam
721 2293 957 2335 detrahitur
977 2294 1207 2335 amittentis
1231 2293 1427 2350 injuriam
1452 2329 1461 2343 ,

110 2363 224 2417 quod
245 2362 498 2404 desiderium
517 2378 601 2404 non
629 2372 769 2405 movet
795 2363 1032 2405 auferentis.

168 2431 280 2473 XIII.
317 2432 448 2488 Agros
471 2433 596 2474 etiam
628 2433 858 2489 virginibus
887 2442 927 2475 et
955 2433 1156 2474 ministris
1174 2432 1465 2475 deficientium

115 2501 212 2555 (105
233 2500 314 2557 bis)
325 2503 536 2544 voluntate
549 2504 705 2560 legatos
727 2502 852 2545 fiscus
870 2512 1063 2545 retentat.
1081 2503 1167 2546 Oro
1190 2518 1278 2552 vos,
1292 2501 1473 2559 justiti-‘e'

109 2571 369 2621 sacerdotes,
390 2581 438 2614 ut
463 2573 582 2616 Urbis
605 2582 748 2616 vestrae
767 2574 893 2616 sacris
912 2575 1112 2616 reddatur
1128 2573 1284 2630 privata
1302 2589 1465 2617 sucees-
