1774 3158
303 194 382 243 146
841 205 872 232 s.
913 206 1102 235 AMBRosn

297 292 338 323 et
361 282 490 323 oculis
522 279 659 336 apices
683 281 871 337 carpenti
895 283 984 339 pari
1008 297 1057 325 ac
1077 281 1256 339 legenti,
1283 281 1506 338 divinaque
1533 296 1642 339 prae-

298 359 417 406 cepta
446 350 636 390 sensibus
668 352 982 393 commendanti
1014 353 1223 394 rationum
1248 351 1343 393 libri
1375 352 1442 393 vel
1476 364 1643 409 compa-

295 429 394 462 ratae
420 419 690 476 possessionis
713 420 863 461 tabulae
884 422 991 463 forte
1015 424 1249 470 tradantur,
1286 436 1456 463 necesse
1484 431 1570 470 est,
1596 429 1644 463 ut

298 489 468 544 abjicias
496 489 650 530 librum
679 490 826 531 divinae
844 491 965 547 legis,
992 507 1117 547 quem
1138 491 1327 547 gestabas
1353 491 1393 532 in
1422 492 1642 538 manibus,

297 567 342 599 ut
390 559 602 600 rationum
641 559 905 601 saecularium
940 561 1093 617 scripta
1132 561 1313 616 accipias
1363 560 1641 617 perlegenda3

298 637 422 684 atque
439 628 494 670 ita
520 626 588 677 fit,
616 637 662 669 ut
685 629 834 670 divinis
856 629 991 671 Libris
1015 631 1249 671 mundanas
1274 629 1497 685 praeferens
1517 629 1645 670 ratio-

295 714 394 744 nes,
420 698 618 755 praecepti
650 708 918 755 contemptor
948 700 1121 747 existas,
1156 714 1239 755 quo
1270 699 1430 740 crebris
1455 697 1647 740 admoni-

296 769 480 810 tionibus
499 768 732 819 intimatur,
755 784 808 809 ne
834 769 942 810 liber
964 770 1157 810 manibus
1182 769 1310 816 desit,
1333 784 1387 810 ne
1405 769 1534 810 corde
1557 767 1647 824 ejus

296 838 512 879 meditatio
532 837 814 893 conquiescat.
839 846 880 879 et
904 839 996 879 ideo
1018 839 1225 880 Dominus
1249 839 1288 879 in
1312 838 1537 894 Evangelio
1558 851 1646 894 pet·—

295 908 436 956 sectis‚
474 916 514 949 et
557 909 861 950 consummatis
903 911 1045 951 volens
1077 926 1166 951 esse
1209 911 1475 957 consultum,
1509 908 1649 950 omnia

293 993 386 1034 quae
410 979 671 1035 possiderent
696 980 818 1020 vendi
844 981 1032 1027 censuit,
1055 990 1097 1022 et
1120 982 1307 1037 impendi
1330 995 1339 1021 z
1364 980 1479 1021 mflla
1503 987 1549 1020 ut
1579 992 1650 1019 ra·

296 1050 407 1090 tione
434 1049 485 1088 ab
504 1048 596 1103 ejus
618 1049 778 1105 possint
800 1050 958 1090 dilectu
984 1051 1151 1099 divelli,
1179 1053 1244 1092 vel
1266 1049 1540 1092 meditatione
1559 1063 1651 1090 avo-

299 1117 396 1158 cari.
423 1118 525 1158 Inde
544 1117 739 1172 estquod
758 1118 1051 1159 necessitatem
1070 1119 1201 1175 ipsam
1225 1119 1487 1166 mortalium,
1511 1116 1553 1159 id
1570 1126 1648 1167 est,

296 1185 491 1227 vestitum
509 1217 520 1233 ,
555 1185 714 1227 victum
732 1218 742 1233 ,
768 1194 810 1227 et
844 1195 992 1242 potum
1023 1187 1198 1244 cogitari
1227 1187 1447 1244 prohibuit
1467 1202 1477 1228 ε
1498 1195 1539 1228 et
1560 1202 1581 1228 a
1609 1202 1652 1228 se

298 1256 435 1298 onmia
464 1255 784 1312 perficientibus
814 1257 1008 1313 promisit
1044 1258 1224 1315 apponi;
1257 1267 1304 1299 ut
1337 1258 1450 1299 nulla
1472 1257 1652 1299 necessi-

297 1335 403 1374 tate,
444 1326 567 1367 sicuti
600 1342 708 1384 saepe
740 1327 827 1383 jam
862 1328 1022 1369 dictum
1055 1337 1142 1376 est,
1181 1344 1201 1369 a
1237 1328 1494 1370 commercio
1525 1326 1652 1368 divini

302 1396 440 1452 operis
466 1397 712 1444 retarderis3
737 1398 851 1438 nulla
874 1406 922 1438 ut
941 1407 980 1439 te
1004 1400 1101 1440 anni
1129 1399 1323 1440 sterilitas
1346 1398 1516 1446 turbet;
1539 1398 1653 1438 nulla

298 1467 467 1523 frugum
487 1467 624 1523 inopia
648 1467 901 1523 ariditasque
919 1483 1167 1526 camporum
1182 1501 1192 1517 ,
1212 1483 1292 1510 nec
1310 1470 1500 1510 olearum
1520 1468 1654 1509 vinea-

298 1551 479 1591 rumque
509 1536 700 1577 fall-entes
729 1536 889 1578 fructus
917 1539 1188 1588 excrucient3
1218 1553 1302 1580 non
1334 1552 1539 1594 pecorum
1569 1551 1656 1578 mo·

299 1605 498 1646 rientium
519 1605 671 1647 damna
691 1607 948 1648 concutiant.

362 1672 412 1715 V.
449 1674 613 1716 Maneat
631 1676 767 1716 libera
784 1676 1117 1733 inconcussaque
1139 1677 1330 1726 devotio,
1355 1684 1403 1718 ut
1423 1676 1499 1718 Dei
1523 1676 1588 1718 sui
1612 1684 1653 1718 et

297 1743 469 1785 Domini
497 1744 651 1785 Christi
684 1745 908 1787 dilectione
938 1762 1125 1803 possessa
1150 1747 1319 1803 hymnis
1342 1755 1538 1795 resonet,
1568 1761 1655 1788 ora·

304 1813 491 1855 tionibus
514 1823 654 1862 vacet,
678 1814 848 1870 jejuniis
872 1831 918 1857 ac
938 1817 1088 1872 vigiliis
1106 1818 1296 1864 insistat,
1321 1817 1421 1858 etin
1445 1815 1656 1873 propheti-

308 1897 404 1924 cum
438 1883 543 1924 illud
571 1885 793 1925 Canticum
821 1900 1008 1942 congrue
1029 1896 1070 1928 et
1091 1894 1380 1942 competenter
1403 1886 1626 1942 abrumpat
1645 1899 1654 1925 ε

317 1970 333 1990 (ι
350 1953 476 1994 Ficus
494 1967 577 1994 non
598 1953 744 1995 asseret
763 1954 944 2002 fructus,
965 1971 1048 1996 non
1065 1964 1189 1997 erunt
1211 1955 1424 1996 nascentia
1447 1955 1489 1995 in
1511 1954 1657 1996 vineis.

310 2021 565 2064 »Mentietur
598 2038 705 2079 opus
737 2025 854 2065 olivae
887 2040 895 2065 :
929 2025 1065 2081 campi
1100 2039 1181 2065 nou
1213 2025 1472 2081 praestabunt
1502 2037 1656 2065 escam.

310 2090 546 2133 »Deficient
575 2108 597 2132 a
625 2094 780 2148 pabulo
816 2109 943 2135 oves:
975 2103 1016 2136 et
1051 2109 1134 2135 non
1167 2102 1292 2135 erunt
1330 2093 1372 2134 in
1408 2092 1664 2149 praesepibus

309 2159 481 2201 »boves
510 2160 598 2217 Ego
621 2169 762 2203 autem
788 2163 829 2204 in
859 2163 1043 2205 Domino
1076 2163 1298 2210 exultabo,
1333 2170 1375 2203 et
1407 2161 1601 2218 gaudebo
1621 2160 1665 2202 in

311 2231 427 2271 »Deo
461 2232 630 2272 salutari
662 2233 803 2274 meo'.
831 2252 846 2272 ν.
867 2234 1033 2276 Gaudet
1053 2249 1219 2290 semper
1251 2241 1293 2274 et
1324 2235 1489 2274 laetatur
1515 2232 1557 2273 in
1587 2232 1667 2272 Do-

309 2300 424 2341 mino
457 2301 528 2356 qui
562 2302 787 2343 mundana}
825 2305 1095 2359 possession-Is
1127 2303 1326 2345 oneribus
1364 2301 1565 2358 abjectiS,
1602 2302 1669 2342 vel

309 2370 448 2425 potius
480 2370 520 2410 in
555 2369 733 2412 fratrum
769 2372 907 2430 inopia
936 2375 1205 2431 praerogatis,
1237 2388 1316 2415 nec
1349 2371 1668 2414 imminentibus

308 2455 386 2481 nec
419 2442 694 2497 praesentibus
726 2444 854 2500 plagis
886 2445 1232 2500 praesti-inguitur.
1266 2443 1358 2485 Non
1387 2456 1484 2484 eum
1505 2442 1668 2484 exactio

359 2539 368 2554 ¹
393 2530 516 2562 Hebae.
537 2543 587 2569 ιιι,
609 2542 653 2572 ¹7·
676 2534 723 2564 ιδ.
