1774 3158
328 210 410 256 144
868 217 897 243 s.
939 216 1129 245 AMBaosu

324 298 400 338 bus
439 293 700 351 cogitationis
742 293 964 350 angoribus
987 327 998 345 ‚
1040 294 1203 351 impleri
1242 293 1380 346 facile,
1399 296 1632 353 potuissent
1658 310 1668 338 ι

334 386 346 404 a
365 366 544 408 *vendite
558 397 568 412 ‚
593 364 728 420 inquit
744 396 754 412 ‚
777 365 919 405 omnia
939 380 1029 420 quae
1048 365 1266 421 possidetis
1283 398 1294 414 ,
1319 375 1362 409 et
1379 368 1474 409 date
1492 369 1673 409 elecmo-

323 449 513 491 »synam.
536 453 550 473 n
575 434 817 490 Amputavit
847 449 1014 476 omnem
1046 434 1207 476 caltidae
1236 436 1476 492 cupiditatis
1498 452 1673 479 excusa-

323 505 505 551 tionem,
531 503 601 559 qui
624 503 729 545 nihil
760 504 938 559 relinqui
970 504 1153 560 cogitare
1184 503 1306 559 jubet
1340 506 1380 547 in
1412 507 1670 557 crastinum,

321 573 393 630 qui
411 573 611 629 praecepit
627 574 850 630 praerogari
871 588 1039 614 omnem
1059 573 1303 615 substantiae
1325 575 1619 631 quantitatem.

380 642 431 683 lt.
470 641 551 683 Sed
575 642 787 698 praemissa
810 651 1047 698 repetamus
1063 641 1343 699 disputatione
1363 645 1668 694 collustranda'3

334 731 349 749 «
368 711 528 758 Nolite,
563 711 717 767 inquit,
747 711 953 767 cogitare,
989 710 1175 753 dicentes
1199 727 1208 753 ε
1240 713 1353 764 Quid
1381 715 1576 762 edemus,
1602 723 1672 756 aut.

324 782 455 838 »quid
475 780 701 822 vestiemur
721 779 738 821 Ξ)
760 781 857 822 ttaee
881 780 994 822 enim
1016 781 1205 823 nationes
1231 792 1438 838 quferunt.
1476 783 1564 825 Scit
1598 798 1673 824 au-

322 860 438 893 ntem
459 851 581 892 Pater
607 858 743 891 vester
763 850 962 899 coelestis,
986 850 1081 906 qnia
1115 850 1267 892 horum
1294 852 1481 894 omnium
1512 853 1671 910 indige·

324 939 338 961 ι)
356 921 404 963 tis
421 920 451 962 ¹.
482 939 496 959 »
526 920 732 976 Cogitatio
757 918 997 961 diffidentiae
1022 920 1170 962 divinae
1192 921 1458 977 professionis
1480 922 1521 964 in
1542 931 1583 964 te
1606 937 1675 979 pe-

320 992 436 1034 rimit
466 990 624 1032 fidem:
658 1000 698 1032 ct
734 991 833 1032 dum
866 992 1043 1040 metuis,
1082 1006 1134 1033 ne
1172 992 1272 1048 quid
1291 993 1396 1034 desit
1423 993 1466 1034 in
1494 995 1672 1036 alterum

324 1064 459 1110 diem,
493 1076 666 1102 necesse
692 1070 753 1102 cst
783 1062 949 1103 dubites
983 1063 1035 1103 de
1065 1063 1303 1119 promissis3
1337 1079 1485 1106 manus
1522 1065 1673 1107 deinde

321 1133 499 1175 retrahis
519 1133 568 1173 ab
587 1131 784 1188 operibus
800 1131 920 1187 justis
943 1147 951 1172 :
979 1141 1102 1188 atque
1126 1133 1181 1174 ita
1202 1132 1247 1175 fit
1263 1166 1272 1184 ‚
1298 1143 1344 1175 ut
1367 1135 1533 1177 infirma
1555 1137 1673 1192 cogi-

320 1203 478 1246 tatione
514 1203 709 1245 detentus
746 1217 768 1243 a
808 1203 921 1245 bono
958 1217 1085 1259 opere
1121 1203 1314 1252 desistas,
1342 1214 1384 1247 et
1420 1205 1620 1248 desistens
1651 1222 1671 1247 a

319 1276 432 1317 bono
465 1288 612 1330 opere,
653 1272 866 1329 religionis
891 1287 937 1314 ac
974 1273 1161 1314 divinum
1196 1289 1352 1315 nomen
1393 1275 1584 1324 amittas,
1629 1284 1671 1318 ct

320 1345 407 1402 ipsa
431 1343 728 1385 imbecillitatis
747 1350 827 1383 tua:
850 1341 1024 1399 perfidia
1051 1341 1229 1384 ethnicis
1247 1343 1475 1386 incredulis
1501 1360 1670 1402 compa-

319 1423 433 1456 ratus
451 1447 460 1462 ,
485 1412 789 1454 incredulitatis
807 1412 1052 1454 detestabile
1075 1427 1230 1454 nomeu
1247 1446 1256 1461 ,
1282 1422 1323 1455 et
1346 1414 1531 1456 stultitiae
1549 1430 1673 1456 voca-

320 1486 468 1527 bulum
494 1483 734 1541 gentilitatis
757 1483 962 1524 incurras.
998 1482 1332 1526 Christianorum
1365 1492 1426 1525 est
1455 1485 1566 1526 enim
1599 1501 1671 1542 spe

320 1553 519 1596 fidissima
551 1553 692 1594 sutura
723 1553 928 1609 cogitare,
953 1561 994 1593 et
1013 1552 1231 1608 gentilium
1255 1554 1473 1609 desperata
1495 1554 1670 1610 persidia

319 1623 537 1682 praescntia
568 1637 777 1679 quaerere,
809 1623 975 1664 dicente
1008 1621 1175 1664 Christo
1203 1639 1212 1662 ε
1244 1640 1258 1660 α
1287 1623 1424 1666 Nolite
1461 1625 1668 1684 cogitare,

320 1694 535 1736 »dicentes
561 1708 569 1733 :
592 1693 706 1743 Quid
722 1694 895 1734 edemus
910 1724 921 1740 ,
949 1699 1020 1733 aut
1042 1692 1143 1748 quid
1165 1693 1540 1736 vestiemurPIlaec
1557 1695 1670 1738 enim

317 1773 490 1822 »gentes
512 1771 717 1820 quaeruut.
738 1780 754 1801 n
781 1763 831 1803 Et
854 1762 1012 1818 adjecit
1032 1777 1040 1803 :
1071 1780 1086 1801 «
1105 1762 1193 1805 Scit
1215 1772 1355 1807 auten]
1386 1765 1509 1807 Pater
1535 1774 1672 1808 vester

293 1830 295 1832 ³
317 1854 332 1876 ι)
348 1833 548 1882 coelestis,
573 1833 670 1889 quia
692 1832 845 1874 horum
869 1831 1058 1874 omnium
1082 1832 1289 1890 indigetis.
1317 1853 1332 1874 n

376 1905 445 1946 ΙΙΙ.
485 1903 748 1945 Conditionis
775 1911 930 1944 nostrze
955 1903 1214 1945 necessitatis
1237 1905 1396 1948 ccelesti
1424 1906 1537 1948 Patri
1558 1908 1671 1950 noti-

316 1976 417 2018 tiam
444 1977 575 2017 latere
593 1989 678 2015 non
700 1989 822 2031 posse
846 1974 1010 2016 divinus
1037 1990 1175 2017 sermo
1198 1977 1486 2026 commonuit,
1516 1987 1558 2019 et
1579 1979 1670 2034 ejus

317 2045 578 2105 providentia
595 2044 979 2101 procurationeque
1005 2045 1129 2088 nobis
1157 2046 1298 2088 omnia
1325 2048 1476 2105 apponi
1495 2048 1670 2090 deman-

321 2119 415 2166 dat;
441 2116 472 2158 si
495 2130 570 2157 nos
587 2114 757 2171 justitiae
775 2115 972 2172 operibus
992 2114 1263 2165 inhaerentes,
1286 2126 1328 2159 et
1348 2118 1465 2175 regni
1488 2119 1668 2161 eoelestis

320 2185 590 2242 inquisitione
612 2185 805 2226 detentos
825 2185 939 2226 nulla
962 2200 1243 2227 {erumnarum
1263 2187 1532 2243 praesentium
1554 2188 1668 2230 solli-

319 2258 460 2300 citudo
493 2263 772 2312 compungat,
809 2255 983 2296 dicens:
1014 2273 1029 2293 (ι
1055 2255 1242 2306 Quaerite
1275 2257 1459 2313 primum
1491 2272 1669 2315 regnum

317 2328 447 2376 »Dei,
481 2335 522 2368 et
557 2326 759 2382 justitiam
783 2325 899 2382 ejus3
929 2333 971 2366 et:
994 2325 1134 2367 omnia
1167 2335 1430 2383 apponentur
1459 2327 1620 2369 vobis².
1642 2347 1658 2366 η

316 2399 487 2443 Deditos
518 2396 688 2454 justitia}
713 2411 760 2438 ac
790 2396 955 2453 pietatis
979 2395 1149 2444 officiis,
1174 2405 1216 2438 et
1246 2397 1486 2440 coelestibus
1505 2398 1666 2439 exerci-

317 2469 544 2512 tationibus
567 2475 798 2523 occupatos
823 2475 939 2508 tutos
960 2465 1060 2509 facit
1089 2468 1141 2509 de
1158 2467 1377 2519 omnibus,
1405 2477 1447 2511 et
1468 2483 1662 2512 securos:

361 2571 369 2587 ¹
390 2560 506 2594 Manli.
523 2570 566 2597 vi,
583 2560 633 2590 32.
661 2577 691 2582 —
706 2565 717 2580 ²
738 2557 894 2590 1bid.55.
