1774 3158
362 252 412 277 ΒΕ
446 252 537 278 1³11)ss
571 252 930 291 izEsUnnEchms,
964 257 1041 284 Lm.
1082 258 1124 284 11.
1366 243 1420 292 43

89 343 140 371 ne
173 331 479 373 contemnendo
512 339 730 374 tentemur.
763 332 805 374 Si
831 334 976 377 Petrus
1009 344 1190 378 tentatus
1221 343 1303 384 est,
1333 334 1425 391 quis

89 411 311 457 praesumat
328 434 337 449 ‚
365 402 454 457 quis
479 410 632 443 astruat
650 417 691 442 se
709 418 792 443 non
813 419 934 460 posse
952 406 1131 447 tentari?
1156 407 1292 463 Atque
1315 406 1428 448 haud

90 470 215 511 dubie
248 486 322 527 pro
352 471 471 512 nobis
506 480 688 513 tentatus
719 481 781 513 est
811 473 985 523 Petrus,
1013 483 1058 515 ut
1083 475 1123 515 in
1148 475 1318 517 fortiore
1341 491 1426 516 non

88 548 195 579 esset
220 541 463 581 tentamenti
484 541 718 597 periculum
747 556 754 582 :
783 543 915 584 sedin
935 543 1004 584 illo
1024 543 1276 585 disceremus
1290 559 1430 600 quem-

88 609 314 649 admodum
347 610 386 650 in
415 611 774 666 persecutionibus
816 613 1081 661 resistentes,
1119 614 1196 654 etsi
1229 612 1319 654 vitae
1341 622 1430 655 stu-

86 678 154 719 dio
196 687 477 729 tentaremum
513 683 751 725 tentationis
792 692 931 726 tamen
983 672 1175 725 aculeum
1219 684 1428 740 patientiae

82 749 278 806 lacrymis
297 752 569 795 vinceremus.

143 827 340 869 XXVIII.
379 828 494 869 Idem
511 836 650 869 tamen
674 827 832 876 David,
862 842 915 869 ne
937 842 1062 884 quem
1087 825 1270 868 fortassis
1292 824 1429 881 Scrip-

93 906 280 940 turarum
307 907 494 940 tenacem
516 906 682 939 moveat
705 897 911 939 sactorum
939 897 1153 938 diversitas
1180 911 1188 937 :
1214 895 1322 936 idem
1340 927 1349 944 ‚
1374 894 1432 935 in-

85 983 111 1023 q
127 982 246 1015 uam,
271 968 403 1009 David
426 967 675 1024 parricidam
705 976 919 1009 mortuum
942 967 1074 1015 flevit,
1099 966 1169 1023 qui
1194 980 1278 1006 non
1305 963 1434 1005 fleve-

87 1046 152 1079 rat
176 1037 463 1078 innocentem.
492 1036 680 1092 Denique
702 1051 798 1078 cum
822 1039 1006 1094 ploraret
1029 1029 1070 1078 et
1091 1037 1275 1094 lugeret,
1300 1033 1400 1075 dixit
1421 1047 1430 1073 :

95 1107 252 1150 «Filius
274 1123 394 1149 meus
421 1108 674 1155 Abessalon,
704 1107 814 1149 filius
841 1123 960 1149 meus
986 1107 1237 1155 Abessalon,
1258 1105 1348 1162 quis
1367 1105 1434 1146 da-

89 1195 104 1215 »
121 1177 181 1219 bit
206 1177 307 1219 mihi
324 1186 505 1237 mortem
523 1193 598 1234 pro
617 1177 736 1219 12¹9»
751 1177 843 1220 Non
863 1180 974 1220 solus
991 1193 1089 1234 ergo
1106 1177 1232 1219 ssetur
1256 1176 1435 1218 Abessa-

85 1247 186 1294 lon,
214 1247 339 1289 ssetur
362 1248 590 1304 parricida.
616 1247 741 1290 ssetur
772 1247 993 1290 Ammon2.
1028 1247 1120 1289 Non
1148 1247 1282 1288 solum
1311 1244 1437 1286 ssetur

92 1316 299 1365 incestus,
331 1319 402 1359 sed
425 1318 549 1359 etiam
576 1317 808 1359 vindicatur
837 1333 846 1358 :
878 1319 984 1359 alter
1009 1323 1253 1372 contemptu
1289 1313 1430 1370 regni,

92 1388 195 1428 alter
215 1387 352 1428 fratris
375 1387 511 1429 exilio.
536 1387 681 1429 Fletur
701 1388 925 1429 sceleratus
940 1418 950 1435 ,
982 1401 1067 1428 non
1090 1386 1216 1428 fletur
1237 1384 1427 1426 dilectus.

91 1456 198 1507 Quae
227 1457 378 1498 causa?
400 1472 490 1513 quae
509 1456 646 1498 ratio?
667 1457 758 1500 Non
786 1457 1008 1499 mediocris
1032 1456 1158 1513 igitur
1186 1454 1227 1496 in
1253 1455 1434 1512 pruden-

84 1526 203 1569 tibus
229 1527 477 1569 deliberatio
495 1560 504 1576 ,
530 1527 785 1584 sapientibus
820 1526 1108 1576 confirmati03
1141 1540 1291 1583 magna
1323 1523 1432 1565 enim

86 1597 325 1653 prudentiae
359 1597 400 1638 in
425 1605 536 1639 tanta
564 1597 773 1639 factorum
802 1597 1042 1640 diversitate
1075 1595 1329 1642 constantia,
1353 1608 1436 1636 una

88 1665 212 1709 fides.
237 1668 287 1707 Et
302 1668 392 1709 ilios
409 1675 594 1710 mortuos
606 1667 736 1716 flevit,
752 1676 792 1710 et
810 1668 997 1710 flendum
1010 1667 1209 1709 infantem
1222 1672 1435 1707 mortuum

94 1752 179 1778 non
206 1738 410 1794 putavit³;
441 1739 530 1780 illos
553 1739 664 1780 enim
690 1739 767 1780 sibi
789 1740 960 1796 periisse
985 1738 1210 1785 credebat,
1234 1737 1349 1778 hunc
1374 1751 1436 1777 re-

89 1817 376 1850 surrecturum
395 1809 600 1864 sperabat.

148 1877 309 1920 XXIX.
348 1877 429 1918 Sed
457 1879 507 1919 de
529 1870 845 1920 resurrectione
866 1878 1098 1935 posterius,
1129 1891 1241 1919 nunc
1266 1875 1316 1917 ad
1341 1889 1436 1931 pro-

95 1946 227 2003 posita
250 1955 521 1988 revertamur.
547 1948 829 1990 Praemisimus
857 1947 967 1989 enim
991 1947 1116 1989 etiam
1139 1953 1304 1987 sanctos
1326 1943 1436 1985 viros

87 2016 228 2072 gravia
247 2015 286 2058 in
311 2016 392 2058 hoc
408 2018 567 2058 mundo
582 2026 622 2058 et
644 2019 774 2059 multa
797 2034 1015 2075 perpessos
1034 2018 1120 2059 sine
1142 2014 1436 2072 suffragatione

88 2085 336 2127 meritorum
352 2117 362 2132 ,
386 2100 482 2127 cum
509 2101 693 2128 aerumna
715 2088 922 2129 laborum.
957 2089 1072 2129 Unde
1090 2100 1301 2143 regressus
1326 2085 1373 2125 ad
1392 2098 1434 2124 se

88 2155 245 2203 David,
271 2155 312 2196 in
336 2156 640 2211 posterioribus
665 2158 764 2200 dicit
791 2174 830 2198 :«
853 2158 1062 2200 Memento
1079 2190 1088 2204 ‚
1113 2155 1313 2202 Domine,
1339 2152 1434 2209 quia

96 2225 261 2280 »pulvis
295 2240 464 2274 sumus,
496 2226 624 2267 homo
650 2235 850 2284 tauquam
882 2228 1063 2274 smmum,
1099 2226 1184 2268 dies
1219 2223 1434 2280 ejns‘·;»et

97 2293 195 2334 alibi
218 2294 405 2335 :aflomo
437 2295 609 2337 vanitati
635 2297 779 2338 similis
813 2297 947 2338 sactus
978 2306 1063 2343 est,
1100 2296 1183 2337 dies
1207 2295 1297 2350 ejus
1329 2294 1436 2334 sicut

103 2364 283 2406 »umbra
312 2366 602 2421 praetereunt⁵.
621 2385 637 2406 >³
659 2367 773 2418 Quid
812 2368 916 2409 enirr
962 2368 1081 2409 nobis
1112 2365 1327 2412 miserius,
1364 2362 1434 2418 qui

97 2443 299 2490 tanquam
324 2436 487 2493 spoliati
509 2445 550 2478 et
579 2438 680 2479 nudi
707 2438 956 2494 projicimur
978 2438 1019 2479 in
1044 2438 1151 2479 hanc
1168 2437 1316 2483 vitam,
1340 2449 1436 2475 cor·

136 2545 143 2559 ¹
166 2548 181 2568 2
198 2538 280 2571 Rea.
305 2548 402 2575 xvun,
417 2538 469 2570 53.
487 2556 528 2563 -
547 2539 626 2571 21d.
648 2550 722 2576 xuni,
741 2541 794 2572 36.
813 2558 852 2564 ——
869 2542 882 2563 3
902 2540 952 2572 ld.
969 2550 1030 2577 χιι,
1048 2550 1096 2571 21.
1115 2557 1154 2563 ——
1175 2540 1186 2562 ⁴
1202 2537 1286 2569 Psat.
1302 2547 1359 2572 cri,
1379 2536 1429 2566 15.

89 2608 129 2615 —
147 2593 161 2613 ⁵
182 2591 228 2622 Id.
249 2602 364 2630 cxmlt,
380 2592 412 2629 4.
