1774 3158
269 245 358 296 454
821 259 854 286 ε.
894 256 1087 286 AMBRosu

273 335 315 376 in
334 335 463 377 corde
486 343 657 384 nostro,
681 343 723 377 et
745 335 786 377 in
811 350 885 378 ore
907 344 1071 384 nostro,
1106 335 1218 391 quod
1250 349 1335 377 non
1363 335 1550 379 videmus
1581 345 1624 380 et

258 414 478 446 tenemus.

333 476 454 519 XIX.
486 474 659 532 Sapiens
684 491 783 534 ergo
807 477 943 524 liber,
983 477 1180 534 quoniam
1205 477 1274 533 qui
1303 491 1349 519 ca
1379 477 1500 526 facit,
1533 492 1625 534 quae

275 545 364 587 vult
379 578 389 593 ‚
419 545 527 587 liber
544 553 619 587 est.
643 545 724 588 Sed
744 562 826 588 non
846 548 981 589 omnis
1004 548 1114 589 bona
1131 548 1322 588 voluntas
1344 579 1353 595 ,
1379 548 1451 588 scd
1469 547 1626 604 sapien-

273 616 326 657 tis
351 625 414 657 est
450 616 592 658 omnia
614 632 705 674 quae
729 619 838 660 bona
865 627 963 660 sunt
1001 619 1132 666 velle;
1163 618 1253 659 odit
1288 617 1399 659 enim
1426 619 1584 659 malum
1608 651 1619 667 ,

223 683 226 686 ⁴
274 686 370 743 quia
394 687 507 742 quod
530 687 687 729 bonum
713 696 798 736 est,
841 689 980 745 elegit.
1017 688 1127 744 Ergo
1166 688 1198 729 si
1241 688 1355 744 quod
1377 688 1538 729 bonum
1562 696 1626 730 est

272 757 400 814 clegit
418 789 428 805 ,
454 757 610 799 arbiter
629 758 848 799 electionis
866 791 876 806 ,
899 768 939 800 et
962 760 1119 815 eligens
1138 757 1393 814 operationis
1410 757 1517 799 liber
1534 765 1621 806 est3

274 827 370 884 quia
398 830 514 883 qnod
536 829 624 870 vult
648 828 748 870 facit
777 843 785 869 ε
812 829 918 870 liber
940 844 1039 885 ergo
1064 829 1240 886 sapiens.
1271 828 1445 885 Sapiens
1484 827 1624 869 omnia

272 913 364 954 quae
388 897 511 944 facit,
537 899 644 939 bene
666 898 781 940 facit.
799 899 881 950 Qui
909 910 1048 941 autem
1070 900 1177 941 benc
1200 899 1298 940 facit
1319 898 1483 947 omnia,
1510 906 1625 939 recte

270 968 523 1011 facitomnia
547 983 556 1009 :
577 968 764 1024 quivero
790 979 907 1011 recte
932 970 1031 1012 facit
1049 970 1212 1018 omnia,
1237 969 1381 1024 utique
1404 968 1622 1015 inoffense,

271 1048 313 1081 et
336 1039 777 1096 irreprehensibiliter,
810 1049 852 1082 ct
877 1042 965 1082 sine
994 1041 1148 1082 damno
1175 1049 1219 1082 et
1249 1040 1535 1081 commotione
1563 1039 1624 1080 sui

271 1109 371 1151 facit
393 1110 549 1151 omnia.
574 1110 651 1151 Cui
674 1110 802 1168 igitur
816 1111 895 1152 hoc
918 1110 1088 1158 subest,
1107 1120 1154 1152 ut
1172 1110 1374 1152 inoffense
1392 1109 1515 1151 saciat
1532 1124 1625 1151 om-

272 1180 362 1229 nia,
388 1180 512 1222 saciat
530 1179 972 1237 irreprehensibiliter,
997 1182 1220 1223 saciatsine
1239 1181 1523 1222 commotione
1544 1179 1623 1228 sui,

272 1252 361 1293 sine
387 1254 568 1300 damno3
596 1253 701 1293 nihil
724 1253 969 1309 insipienter
992 1252 1091 1294 facit
1107 1285 1116 1301 ,
1147 1253 1219 1293 sed
1237 1252 1447 1308 sapienter
1467 1250 1620 1295 onmia.

274 1322 358 1374 Qui
383 1332 523 1365 autem
538 1324 748 1380 sapienter
766 1323 886 1371 facit,
913 1323 1019 1364 nihil
1041 1323 1170 1364 habet
1192 1323 1307 1378 quod
1329 1329 1514 1369 metuat;
1536 1336 1627 1362 me-

269 1401 337 1435 tus
356 1394 529 1434 enimin
554 1402 728 1449 peccato
753 1402 827 1435 est.
854 1394 934 1435 Ubi
960 1402 1100 1435 autem
1130 1394 1245 1434 nulla
1268 1392 1472 1434 formido.
1505 1391 1562 1433 ibi
1580 1391 1628 1433 ii-

270 1465 411 1506 bertas
448 1479 457 1504 :
499 1465 569 1505 ubi
604 1465 799 1513 libertas,
839 1464 896 1506 ibi
928 1473 1113 1521 potestas
1141 1463 1324 1506 faciendi
1360 1464 1476 1520 quod
1498 1463 1623 1504 vult:

269 1536 382 1577 solus
407 1549 505 1591 ergo
537 1535 699 1592 sapiens
723 1535 832 1576 liber
855 1543 932 1576 est.

328 1604 427 1647 XX.
466 1604 630 1646 Etenim
657 1605 727 1660 qui
751 1620 889 1661 neque
921 1605 1012 1662 cogi
1043 1613 1196 1662 potest,
1230 1619 1367 1660 neque
1394 1603 1626 1661 prohiberi,

272 1675 304 1716 is
341 1690 608 1732 nequaqnam
643 1691 820 1717 servus:
844 1675 1043 1732 sapientis
1080 1684 1220 1717 autom
1255 1684 1318 1717 est
1346 1690 1484 1731 neque
1515 1674 1624 1732 cogi,

272 1760 410 1802 neque
432 1745 647 1802 prohiberi
669 1760 678 1786 ε
704 1760 788 1787 non
814 1754 875 1787 est
903 1746 1029 1803 igitur
1056 1761 1199 1787 servus
1221 1745 1399 1803 sapiens.
1425 1744 1629 1787 Prohibe-

273 1823 342 1856 tur
363 1815 495 1864 enim,
521 1815 591 1871 qui
615 1831 698 1857 non
717 1815 907 1873 fungitur
926 1817 989 1865 iis,
1009 1831 1102 1873 quae
1121 1816 1357 1857 desiderat:
1378 1830 1470 1871 quae
1489 1823 1627 1856 autem

274 1885 484 1927 desiderat
504 1885 689 1942 sapiens,
717 1886 795 1927 nisi
820 1901 867 1927 ea
890 1902 982 1943 quae
1011 1887 1175 1928 virtutis
1196 1894 1238 1928 ct
1261 1874 1491 1943 disciplinae
1514 1893 1625 1933 sunt,

268 1956 356 1998 sine
380 1956 532 2013 quibus
563 1972 652 1998 esse
685 1972 767 1999 non
792 1956 969 2014 potest?
999 1958 1044 1998 ln
1075 1957 1163 2015 ipso
1192 1956 1304 1998 enim
1327 1964 1439 2006 sunt,
1460 1970 1543 1997 nec
1568 1955 1627 1997 di-

271 2029 484 2069 velluntur
511 2029 561 2069 ab
587 2042 649 2069 eo.
688 2028 816 2080 Quod
847 2029 878 2070 si
908 2029 1180 2079 divelluntur,
1214 2028 1299 2084 jam
1328 2042 1413 2069 non
1445 2027 1626 2084 sapiens,

271 2098 341 2154 qni
363 2098 415 2139 sit
432 2097 521 2140 sine
545 2097 709 2140 virtutis
733 2114 811 2140 usu
834 2114 882 2141 ac
907 2099 1143 2156 disciplina,
1167 2098 1319 2155 quibus
1343 2098 1430 2155 ipse
1454 2112 1496 2139 se
1513 2096 1627 2138 srau-

275 2170 362 2217 det,
389 2168 421 2209 si
445 2182 527 2209 non
551 2166 602 2208 sit
624 2168 887 2210 voluntarius
914 2168 1078 2210 virtutis
1103 2169 1324 2226 interpres.
1357 2168 1485 2218 Quod
1506 2167 1539 2209 si
1561 2181 1659 2230 co-,j

274 2238 401 2295 gitur,
440 2238 710 2280 manifestum
748 2247 811 2280 est
849 2240 964 2295 quod
995 2239 1148 2281 invitus
1177 2240 1313 2281 saciat.
1350 2239 1397 2280 In
1431 2238 1627 2280 omnibus

272 2318 410 2351 autem
433 2308 550 2350 sactis
575 2316 646 2350 aut
669 2324 691 2350 a
712 2309 868 2351 virtute
887 2310 1173 2352 correctiones
1192 2318 1306 2360 sunt,
1330 2318 1402 2351 aut
1427 2323 1447 2350 a
1470 2307 1627 2350 malitia

270 2380 1297 2438 praolipsiones,‘1utmed1aautiudissercntia.
1335 2380 1510 2423 Virtutis
1541 2395 1627 2422 non

272 2459 471 2498 coactus,
505 2450 578 2491 sed
606 2451 865 2492 voluntarius
896 2460 1098 2493 executor
1120 2460 1181 2495 est:
1204 2451 1390 2508 sapiens3
1427 2450 1626 2517 quopiam

271 2521 412 2565 omnia
444 2536 537 2579 quae
566 2522 756 2580 placent,
789 2522 872 2580 agit
892 2523 1060 2566 malitiae
1082 2523 1289 2581 fugitans,
1315 2537 1394 2566 nec
1415 2520 1626 2565 somnium

268 2592 361 2649 ejus
390 2591 589 2635 admittit.
616 2592 959 2638 Indifferentibus
982 2594 1037 2639 ita
1060 2609 1145 2638 non
1174 2602 1394 2643 movetur,
1425 2601 1472 2636 ut
1501 2590 1625 2636 nullis
