<?xml version="1.0" encoding="UTF-8"?>
<!DOCTYPE html PUBLIC "-//W3C//DTD XHTML 1.0 Transitional//EN"
    "http://www.w3.org/TR/xhtml1/DTD/xhtml1-transitional.dtd">
<html xmlns="http://www.w3.org/1999/xhtml" xml:lang="en" lang="en">
 <head>
  <title>
</title>
<meta http-equiv="Content-Type" content="text/html;charset=utf-8" />
  <meta name='ocr-system' content='tesseract 3.04.00' />
  <meta name='ocr-capabilities' content='ocr_page ocr_carea ocr_par ocr_line ocrx_word'/>
</head>
<body>
  <div class='ocr_page' id='page_1' title='image "./omniaequaeextant08ambruoft_0247.png"; bbox 0 0 1774 3158; ppageno 0'>
   <div class='ocr_carea' id='block_1_1' title="bbox 484 266 1433 322">
    <p class='ocr_par' dir='ltr' id='par_1_1' title="bbox 484 266 1433 322">
     <span class='ocr_line' id='line_1_1' title="bbox 484 266 1433 322; baseline -0.007 -8"><span class='ocrx_word' id='word_1_1' title='bbox 484 285 763 315; x_wconf 51' lang='lat' dir='ltr'>121‘1s‘r012xnnn</span> <span class='ocrx_word' id='word_1_2' title='bbox 798 283 955 312; x_wconf 54' lang='lat' dir='ltr'>&lt;nassis</span> <span class='ocrx_word' id='word_1_3' title='bbox 989 283 1015 310; x_wconf 84' lang='lat'>1.</span> <span class='ocrx_word' id='word_1_4' title='bbox 1352 266 1433 322; x_wconf 80' lang='lat'>237</span> 
     </span>
    </p>
   </div>
   <div class='ocr_carea' id='block_1_2' title="bbox 92 359 1500 2597">
    <p class='ocr_par' dir='ltr' id='par_1_2' title="bbox 92 359 1434 481">
     <span class='ocr_line' id='line_1_2' title="bbox 92 359 1434 413; baseline -0.007 -3"><span class='ocrx_word' id='word_1_5' title='bbox 92 376 137 410; x_wconf 86' lang='lat' dir='ltr'>ut</span> <span class='ocrx_word' id='word_1_6' title='bbox 159 378 301 409; x_wconf 77' lang='lat' dir='ltr'>verum</span> <span class='ocrx_word' id='word_1_7' title='bbox 318 364 471 408; x_wconf 86' lang='lat' dir='ltr'>Filium</span> <span class='ocrx_word' id='word_1_8' title='bbox 494 364 606 406; x_wconf 85' lang='lat' dir='ltr'>dicas</span> <span class='ocrx_word' id='word_1_9' title='bbox 628 396 638 413; x_wconf 88' lang='lat'><em>,</em></span> <span class='ocrx_word' id='word_1_10' title='bbox 664 363 738 405; x_wconf 88' lang='lat' dir='ltr'>sed</span> <span class='ocrx_word' id='word_1_11' title='bbox 762 371 806 404; x_wconf 91' lang='lat' dir='ltr'>ut</span> <span class='ocrx_word' id='word_1_12' title='bbox 828 376 972 403; x_wconf 78' lang='lat' dir='ltr'>verum</span> <span class='ocrx_word' id='word_1_13' title='bbox 1004 360 1232 402; x_wconf 85' lang='lat' dir='ltr'>Dominum</span> <span class='ocrx_word' id='word_1_14' title='bbox 1254 359 1328 401; x_wconf 84' lang='lat' dir='ltr'>Dei</span> <span class='ocrx_word' id='word_1_15' title='bbox 1363 359 1434 401; x_wconf 86' lang='lat' dir='ltr'>Fi-</span> 
     </span>
     <span class='ocr_line' id='line_1_3' title="bbox 92 436 341 481; baseline -0.012 -1"><span class='ocrx_word' id='word_1_16' title='bbox 92 439 194 481; x_wconf 82' lang='lat' dir='ltr'>lium</span> <span class='ocrx_word' id='word_1_17' title='bbox 214 436 341 478; x_wconf 80' lang='lat' dir='ltr'>dicas.</span> 
     </span>
    </p>

    <p class='ocr_par' dir='ltr' id='par_1_3' title="bbox 95 500 1439 628">
     <span class='ocr_line' id='line_1_4' title="bbox 151 500 1439 560; baseline -0.005 -12"><span class='ocrx_word' id='word_1_18' title='bbox 151 505 272 549; x_wconf 78' lang='lat' dir='ltr'><strong>XIX.</strong></span> <span class='ocrx_word' id='word_1_19' title='bbox 290 504 494 547; x_wconf 82' lang='lat' dir='ltr'>Eusebius</span> <span class='ocrx_word' id='word_1_20' title='bbox 507 504 728 560; x_wconf 82' lang='lat' dir='ltr'>episcopus</span> <span class='ocrx_word' id='word_1_21' title='bbox 743 503 843 544; x_wconf 83' lang='lat' dir='ltr'>dixit</span> <span class='ocrx_word' id='word_1_22' title='bbox 857 518 864 544; x_wconf 93' lang='lat'>:</span> <span class='ocrx_word' id='word_1_23' title='bbox 879 500 1069 543; x_wconf 79' lang='lat' dir='ltr'>Christus</span> <span class='ocrx_word' id='word_1_24' title='bbox 1080 501 1192 543; x_wconf 86' lang='lat' dir='ltr'>Deus</span> <span class='ocrx_word' id='word_1_25' title='bbox 1215 516 1336 543; x_wconf 74' lang='lat' dir='ltr'>verus</span> <span class='ocrx_word' id='word_1_26' title='bbox 1354 509 1439 551; x_wconf 87' lang='lat' dir='ltr'>est,</span> 
     </span>
     <span class='ocr_line' id='line_1_5' title="bbox 95 569 1438 628; baseline -0.006 -9"><span class='ocrx_word' id='word_1_27' title='bbox 95 577 325 620; x_wconf 81' lang='lat' dir='ltr'>secundum</span> <span class='ocrx_word' id='word_1_28' title='bbox 349 574 539 616; x_wconf 87' lang='lat' dir='ltr'>omnium</span> <span class='ocrx_word' id='word_1_29' title='bbox 564 572 714 620; x_wconf 87' lang='lat' dir='ltr'>fidem,</span> <span class='ocrx_word' id='word_1_30' title='bbox 740 582 780 614; x_wconf 85' lang='lat' dir='ltr'>et</span> <span class='ocrx_word' id='word_1_31' title='bbox 816 571 1067 613; x_wconf 71' lang='lat' dir='ltr'>catholicam</span> <span class='ocrx_word' id='word_1_32' title='bbox 1101 570 1400 628; x_wconf 77' lang='lat' dir='ltr'>professionem</span> <span class='ocrx_word' id='word_1_33' title='bbox 1421 569 1438 612; x_wconf 75' lang='lat' dir='ltr'><strong>P</strong></span> 
     </span>
    </p>

    <p class='ocr_par' dir='ltr' id='par_1_4' title="bbox 152 642 1005 688">
     <span class='ocr_line' id='line_1_6' title="bbox 152 642 1005 688; baseline -0.006 -1"><span class='ocrx_word' id='word_1_34' title='bbox 152 645 358 688; x_wconf 70' lang='lat' dir='ltr'>Palladius</span> <span class='ocrx_word' id='word_1_35' title='bbox 377 644 479 686; x_wconf 81' lang='lat' dir='ltr'>dixit</span> <span class='ocrx_word' id='word_1_36' title='bbox 504 659 512 684; x_wconf 93' lang='lat'>:</span> <span class='ocrx_word' id='word_1_37' title='bbox 542 643 671 685; x_wconf 84' lang='lat' dir='ltr'>Verus</span> <span class='ocrx_word' id='word_1_38' title='bbox 691 642 765 683; x_wconf 91' lang='lat' dir='ltr'>Dei</span> <span class='ocrx_word' id='word_1_39' title='bbox 780 642 910 683; x_wconf 85' lang='lat' dir='ltr'>Filius</span> <span class='ocrx_word' id='word_1_40' title='bbox 928 650 1005 683; x_wconf 88' lang='lat' dir='ltr'>est.</span> 
     </span>
    </p>

    <p class='ocr_par' dir='ltr' id='par_1_5' title="bbox 99 710 1452 979">
     <span class='ocr_line' id='line_1_7' title="bbox 154 710 1444 771; baseline -0.005 -15"><span class='ocrx_word' id='word_1_41' title='bbox 154 714 359 756; x_wconf 79' lang='lat' dir='ltr'>Eusebius</span> <span class='ocrx_word' id='word_1_42' title='bbox 377 713 597 771; x_wconf 83' lang='lat' dir='ltr'>episcopus</span> <span class='ocrx_word' id='word_1_43' title='bbox 617 712 719 753; x_wconf 88' lang='lat' dir='ltr'>dixit</span> <span class='ocrx_word' id='word_1_44' title='bbox 746 727 755 752; x_wconf 91' lang='lat'>:</span> <span class='ocrx_word' id='word_1_45' title='bbox 784 711 887 753; x_wconf 74' lang='lat' dir='ltr'>Nam</span> <span class='ocrx_word' id='word_1_46' title='bbox 911 719 951 751; x_wconf 82' lang='lat' dir='ltr'>et</span> <span class='ocrx_word' id='word_1_47' title='bbox 975 725 1049 751; x_wconf 86' lang='lat' dir='ltr'>nos</span> <span class='ocrx_word' id='word_1_48' title='bbox 1079 724 1156 767; x_wconf 84' lang='lat' dir='ltr'>per</span> <span class='ocrx_word' id='word_1_49' title='bbox 1176 710 1444 766; x_wconf 79' lang='lat' dir='ltr'>adoptionem</span> 
     </span>
     <span class='ocr_line' id='line_1_8' title="bbox 99 780 1448 838; baseline -0.005 -11"><span class='ocrx_word' id='word_1_50' title='bbox 99 785 173 828; x_wconf 77' lang='lat' dir='ltr'>{ilii</span> <span class='ocrx_word' id='word_1_51' title='bbox 201 784 391 832; x_wconf 77' lang='lat' dir='ltr'>sumus&#39;,</span> <span class='ocrx_word' id='word_1_52' title='bbox 423 784 491 825; x_wconf 87' lang='lat' dir='ltr'>ille</span> <span class='ocrx_word' id='word_1_53' title='bbox 512 783 745 824; x_wconf 88' lang='lat' dir='ltr'>secundum</span> <span class='ocrx_word' id='word_1_54' title='bbox 763 781 1063 838; x_wconf 74' lang='lat' dir='ltr'>proprietatem</span> <span class='ocrx_word' id='word_1_55' title='bbox 1087 780 1369 837; x_wconf 74' lang='lat' dir='ltr'><strong>generationis</strong></span> <span class='ocrx_word' id='word_1_56' title='bbox 1390 780 1448 820; x_wconf 88' lang='lat' dir='ltr'>di-</span> 
     </span>
     <span class='ocr_line' id='line_1_9' title="bbox 102 849 1452 908; baseline -0.004 -12"><span class='ocrx_word' id='word_1_57' title='bbox 102 856 219 897; x_wconf 79' lang='lat' dir='ltr'>vinae.</span> <span class='ocrx_word' id='word_1_58' title='bbox 238 854 289 895; x_wconf 90' lang='lat' dir='ltr'>Et</span> <span class='ocrx_word' id='word_1_59' title='bbox 311 853 471 895; x_wconf 80' lang='lat' dir='ltr'>addidit</span> <span class='ocrx_word' id='word_1_60' title='bbox 491 868 498 894; x_wconf 93' lang='lat'>:</span> <span class='ocrx_word' id='word_1_61' title='bbox 521 851 742 893; x_wconf 75' lang='lat' dir='ltr'>confiteris</span> <span class='ocrx_word' id='word_1_62' title='bbox 760 867 858 908; x_wconf 75' lang='lat' dir='ltr'>ergo</span> <span class='ocrx_word' id='word_1_63' title='bbox 883 865 1028 893; x_wconf 73' lang='lat' dir='ltr'>verum</span> <span class='ocrx_word' id='word_1_64' title='bbox 1047 851 1200 892; x_wconf 86' lang='lat' dir='ltr'>Filium</span> <span class='ocrx_word' id='word_1_65' title='bbox 1222 850 1296 891; x_wconf 89' lang='lat' dir='ltr'>Dei</span> <span class='ocrx_word' id='word_1_66' title='bbox 1314 849 1452 890; x_wconf 85' lang='lat' dir='ltr'>Domi·</span> 
     </span>
     <span class='ocr_line' id='line_1_10' title="bbox 102 922 1415 979; baseline -0.005 -11"><span class='ocrx_word' id='word_1_67' title='bbox 102 942 203 969; x_wconf 90' lang='lat' dir='ltr'>num</span> <span class='ocrx_word' id='word_1_68' title='bbox 226 939 370 967; x_wconf 76' lang='lat' dir='ltr'>verum</span> <span class='ocrx_word' id='word_1_69' title='bbox 393 939 483 965; x_wconf 90' lang='lat' dir='ltr'>esse</span> <span class='ocrx_word' id='word_1_70' title='bbox 504 924 737 964; x_wconf 87' lang='lat' dir='ltr'>seeundum</span> <span class='ocrx_word' id='word_1_71' title='bbox 763 923 1020 964; x_wconf 77' lang='lat' dir='ltr'>nativitatem</span> <span class='ocrx_word' id='word_1_72' title='bbox 1039 931 1079 964; x_wconf 88' lang='lat' dir='ltr'>et</span> <span class='ocrx_word' id='word_1_73' title='bbox 1099 922 1415 979; x_wconf 79' lang='lat' dir='ltr'>proprietatem.</span> 
     </span>
    </p>

    <p class='ocr_par' dir='ltr' id='par_1_6' title="bbox 163 991 1399 1049">
     <span class='ocr_line' id='line_1_11' title="bbox 163 991 1399 1049; baseline -0.004 -12"><span class='ocrx_word' id='word_1_74' title='bbox 163 995 371 1037; x_wconf 84' lang='lat' dir='ltr'>Palladius</span> <span class='ocrx_word' id='word_1_75' title='bbox 395 993 522 1035; x_wconf 84' lang='lat' dir='ltr'>dixit:</span> <span class='ocrx_word' id='word_1_76' title='bbox 543 992 699 1035; x_wconf 84' lang='lat' dir='ltr'>Verum</span> <span class='ocrx_word' id='word_1_77' title='bbox 722 993 798 1034; x_wconf 90' lang='lat' dir='ltr'>Dei</span> <span class='ocrx_word' id='word_1_78' title='bbox 821 992 974 1034; x_wconf 86' lang='lat' dir='ltr'>Filium</span> <span class='ocrx_word' id='word_1_79' title='bbox 1002 991 1263 1049; x_wconf 85' lang='lat' dir='ltr'>unigenitum</span> <span class='ocrx_word' id='word_1_80' title='bbox 1293 991 1399 1032; x_wconf 86' lang='lat' dir='ltr'>dico.</span> 
     </span>
    </p>

    <p class='ocr_par' dir='ltr' id='par_1_7' title="bbox 109 1061 1455 1183">
     <span class='ocr_line' id='line_1_12' title="bbox 165 1061 1455 1121; baseline -0.005 -14"><span class='ocrx_word' id='word_1_81' title='bbox 165 1065 368 1107; x_wconf 81' lang='lat' dir='ltr'>Eusebius</span> <span class='ocrx_word' id='word_1_82' title='bbox 393 1063 612 1121; x_wconf 88' lang='lat' dir='ltr'>episcopus</span> <span class='ocrx_word' id='word_1_83' title='bbox 637 1063 762 1105; x_wconf 88' lang='lat' dir='ltr'>dixit:</span> <span class='ocrx_word' id='word_1_84' title='bbox 783 1063 871 1104; x_wconf 83' lang='lat' dir='ltr'>Hoc</span> <span class='ocrx_word' id='word_1_85' title='bbox 888 1078 987 1119; x_wconf 76' lang='lat' dir='ltr'>ergo</span> <span class='ocrx_word' id='word_1_86' title='bbox 1008 1071 1126 1119; x_wconf 82' lang='lat' dir='ltr'>putas</span> <span class='ocrx_word' id='word_1_87' title='bbox 1149 1070 1294 1104; x_wconf 77' lang='lat' dir='ltr'>contra</span> <span class='ocrx_word' id='word_1_88' title='bbox 1312 1061 1455 1117; x_wconf 79' lang='lat' dir='ltr'>Scrip-</span> 
     </span>
     <span class='ocr_line' id='line_1_13' title="bbox 109 1133 1121 1183; baseline -0.004 -5"><span class='ocrx_word' id='word_1_89' title='bbox 109 1145 244 1183; x_wconf 85' lang='lat' dir='ltr'>turas,</span> <span class='ocrx_word' id='word_1_90' title='bbox 271 1135 303 1177; x_wconf 89' lang='lat' dir='ltr'>si</span> <span class='ocrx_word' id='word_1_91' title='bbox 327 1134 517 1176; x_wconf 76' lang='lat' dir='ltr'>Christus</span> <span class='ocrx_word' id='word_1_92' title='bbox 541 1133 653 1175; x_wconf 88' lang='lat' dir='ltr'>Deus</span> <span class='ocrx_word' id='word_1_93' title='bbox 675 1148 796 1174; x_wconf 75' lang='lat' dir='ltr'>verus</span> <span class='ocrx_word' id='word_1_94' title='bbox 814 1149 902 1174; x_wconf 85' lang='lat' dir='ltr'>esse</span> <span class='ocrx_word' id='word_1_95' title='bbox 921 1133 1121 1175; x_wconf 73' lang='lat' dir='ltr'>dicatur?</span> 
     </span>
    </p>

    <p class='ocr_par' dir='ltr' id='par_1_8' title="bbox 115 1203 1468 1542">
     <span class='ocr_line' id='line_1_14' title="bbox 167 1203 1462 1260; baseline -0.004 -12"><span class='ocrx_word' id='word_1_96' title='bbox 167 1204 266 1248; x_wconf 86' lang='lat' dir='ltr'>XX.</span> <span class='ocrx_word' id='word_1_97' title='bbox 298 1204 490 1260; x_wconf 79' lang='lat' dir='ltr'>Cumque</span> <span class='ocrx_word' id='word_1_98' title='bbox 509 1203 717 1245; x_wconf 79' lang='lat' dir='ltr'>Palladius</span> <span class='ocrx_word' id='word_1_99' title='bbox 736 1203 948 1252; x_wconf 76' lang='lat' dir='ltr'>reticeret,</span> <span class='ocrx_word' id='word_1_100' title='bbox 974 1203 1223 1244; x_wconf 85' lang='lat' dir='ltr'>Ambrosius</span> <span class='ocrx_word' id='word_1_101' title='bbox 1242 1203 1462 1259; x_wconf 82' lang='lat' dir='ltr'>episcopus</span> 
     </span>
     <span class='ocr_line' id='line_1_15' title="bbox 117 1271 1467 1329; baseline -0.004 -12"><span class='ocrx_word' id='word_1_102' title='bbox 117 1275 219 1317; x_wconf 84' lang='lat' dir='ltr'>dixit</span> <span class='ocrx_word' id='word_1_103' title='bbox 249 1273 423 1316; x_wconf 85' lang='lat' dir='ltr'>:Solum</span> <span class='ocrx_word' id='word_1_104' title='bbox 442 1289 590 1315; x_wconf 70' lang='lat' dir='ltr'>verum</span> <span class='ocrx_word' id='word_1_105' title='bbox 614 1273 765 1315; x_wconf 84' lang='lat' dir='ltr'>Filium</span> <span class='ocrx_word' id='word_1_106' title='bbox 785 1273 860 1316; x_wconf 91' lang='lat' dir='ltr'>Dei</span> <span class='ocrx_word' id='word_1_107' title='bbox 883 1273 953 1329; x_wconf 83' lang='lat' dir='ltr'>qui</span> <span class='ocrx_word' id='word_1_108' title='bbox 972 1273 1096 1321; x_wconf 86' lang='lat' dir='ltr'>dicit,</span> <span class='ocrx_word' id='word_1_109' title='bbox 1120 1281 1161 1314; x_wconf 87' lang='lat' dir='ltr'>et</span> <span class='ocrx_word' id='word_1_110' title='bbox 1192 1287 1274 1313; x_wconf 90' lang='lat' dir='ltr'>non</span> <span class='ocrx_word' id='word_1_111' title='bbox 1298 1272 1385 1313; x_wconf 88' lang='lat' dir='ltr'>vult</span> <span class='ocrx_word' id='word_1_112' title='bbox 1404 1271 1467 1312; x_wconf 88' lang='lat' dir='ltr'>di-</span> 
     </span>
     <span class='ocr_line' id='line_1_16' title="bbox 115 1343 1467 1401; baseline -0.004 -12"><span class='ocrx_word' id='word_1_113' title='bbox 115 1362 209 1389; x_wconf 86' lang='lat' dir='ltr'>cere</span> <span class='ocrx_word' id='word_1_114' title='bbox 231 1345 462 1388; x_wconf 83' lang='lat' dir='ltr'>Dominum</span> <span class='ocrx_word' id='word_1_115' title='bbox 486 1359 632 1386; x_wconf 76' lang='lat' dir='ltr'>verum</span> <span class='ocrx_word' id='word_1_116' title='bbox 650 1377 658 1392; x_wconf 90' lang='lat'><strong><em>,</em></strong></span> <span class='ocrx_word' id='word_1_117' title='bbox 685 1345 850 1386; x_wconf 85' lang='lat' dir='ltr'>videtur</span> <span class='ocrx_word' id='word_1_118' title='bbox 868 1360 1034 1401; x_wconf 84' lang='lat' dir='ltr'>negare.</span> <span class='ocrx_word' id='word_1_119' title='bbox 1061 1345 1150 1385; x_wconf 85' lang='lat' dir='ltr'>Hoc</span> <span class='ocrx_word' id='word_1_120' title='bbox 1175 1344 1299 1400; x_wconf 79' lang='lat' dir='ltr'>igitur</span> <span class='ocrx_word' id='word_1_121' title='bbox 1322 1343 1467 1385; x_wconf 81' lang='lat' dir='ltr'>ordine</span> 
     </span>
     <span class='ocr_line' id='line_1_17' title="bbox 116 1414 1468 1467; baseline -0.004 -7"><span class='ocrx_word' id='word_1_122' title='bbox 116 1416 389 1465; x_wconf 79' lang='lat' dir='ltr'>confiteatur,</span> <span class='ocrx_word' id='word_1_123' title='bbox 410 1416 440 1457; x_wconf 91' lang='lat' dir='ltr'>si</span> <span class='ocrx_word' id='word_1_124' title='bbox 459 1424 595 1456; x_wconf 90' lang='lat' dir='ltr'>tamen</span> <span class='ocrx_word' id='word_1_125' title='bbox 619 1414 858 1467; x_wconf 73' lang='lat' dir='ltr'>confitetur,</span> <span class='ocrx_word' id='word_1_126' title='bbox 886 1415 1118 1463; x_wconf 86' lang='lat' dir='ltr'>Palladius;</span> <span class='ocrx_word' id='word_1_127' title='bbox 1142 1423 1183 1456; x_wconf 88' lang='lat' dir='ltr'>et</span> <span class='ocrx_word' id='word_1_128' title='bbox 1203 1414 1468 1456; x_wconf 82' lang='lat' dir='ltr'>‹licatutrum</span> 
     </span>
     <span class='ocr_line' id='line_1_18' title="bbox 118 1479 1409 1542; baseline -0.005 -12"><span class='ocrx_word' id='word_1_129' title='bbox 118 1502 266 1530; x_wconf 81' lang='lat' dir='ltr'>verum</span> <span class='ocrx_word' id='word_1_130' title='bbox 293 1486 520 1529; x_wconf 83' lang='lat' dir='ltr'>Dominum</span> <span class='ocrx_word' id='word_1_131' title='bbox 544 1485 620 1528; x_wconf 91' lang='lat' dir='ltr'>Dei</span> <span class='ocrx_word' id='word_1_132' title='bbox 644 1485 797 1527; x_wconf 85' lang='lat' dir='ltr'>Filium</span> <span class='ocrx_word' id='word_1_133' title='bbox 824 1485 946 1527; x_wconf 86' lang='lat' dir='ltr'>dicat.</span> <span class='ocrx_word' id='word_1_134' title='bbox 1186 1539 1191 1542; x_wconf 84' lang='lat'>.</span> <span class='ocrx_word' id='word_1_135' title='bbox 1396 1479 1409 1490; x_wconf 65' lang='lat'><strong><em>⁹</em></strong></span> 
     </span>
    </p>

    <p class='ocr_par' dir='ltr' id='par_1_9' title="bbox 129 1556 1478 1684">
     <span class='ocr_line' id='line_1_19' title="bbox 176 1556 1476 1613; baseline -0.004 -13"><span class='ocrx_word' id='word_1_136' title='bbox 176 1557 385 1600; x_wconf 85' lang='lat' dir='ltr'>Palladius</span> <span class='ocrx_word' id='word_1_137' title='bbox 410 1556 516 1598; x_wconf 86' lang='lat' dir='ltr'>dixit</span> <span class='ocrx_word' id='word_1_138' title='bbox 541 1571 550 1597; x_wconf 74' lang='grc' dir='ltr'><strong><em>ε</em></strong></span> <span class='ocrx_word' id='word_1_139' title='bbox 580 1556 687 1597; x_wconf 82' lang='lat' dir='ltr'>Cum</span> <span class='ocrx_word' id='word_1_140' title='bbox 711 1556 824 1598; x_wconf 86' lang='lat' dir='ltr'>dicat</span> <span class='ocrx_word' id='word_1_141' title='bbox 854 1557 984 1598; x_wconf 88' lang='lat' dir='ltr'>Filius</span> <span class='ocrx_word' id='word_1_142' title='bbox 1021 1571 1061 1597; x_wconf 87' lang='lat'>:«</span> <span class='ocrx_word' id='word_1_143' title='bbox 1083 1557 1134 1597; x_wconf 74' lang='lat' dir='ltr'>Ut</span> <span class='ocrx_word' id='word_1_144' title='bbox 1162 1563 1417 1613; x_wconf 81' lang='lat' dir='ltr'>cognoscant</span> <span class='ocrx_word' id='word_1_145' title='bbox 1437 1563 1476 1596; x_wconf 84' lang='lat' dir='ltr'>te</span> 
     </span>
     <span class='ocr_line' id='line_1_20' title="bbox 129 1626 1478 1684; baseline -0.003 -13"><span class='ocrx_word' id='word_1_146' title='bbox 129 1630 294 1671; x_wconf 71' lang='lat' dir='ltr'>»solnm</span> <span class='ocrx_word' id='word_1_147' title='bbox 316 1642 461 1669; x_wconf 85' lang='lat' dir='ltr'>verum</span> <span class='ocrx_word' id='word_1_148' title='bbox 485 1627 739 1675; x_wconf 85' lang='lat' dir='ltr'>Dominum,</span> <span class='ocrx_word' id='word_1_149' title='bbox 764 1636 804 1670; x_wconf 89' lang='lat' dir='ltr'>ct</span> <span class='ocrx_word' id='word_1_150' title='bbox 837 1643 963 1684; x_wconf 86' lang='lat' dir='ltr'>quem</span> <span class='ocrx_word' id='word_1_151' title='bbox 996 1627 1144 1669; x_wconf 84' lang='lat' dir='ltr'>misisti</span> <span class='ocrx_word' id='word_1_152' title='bbox 1166 1626 1312 1668; x_wconf 79' lang='lat' dir='ltr'>Jesuin</span> <span class='ocrx_word' id='word_1_153' title='bbox 1336 1626 1478 1668; x_wconf 82' lang='lat' dir='ltr'>Chris-</span> 
     </span>
    </p>

    <p class='ocr_par' dir='ltr' id='par_1_10' title="bbox 121 1697 857 1747">
     <span class='ocr_line' id='line_1_21' title="bbox 121 1697 857 1747; baseline 0 -9"><span class='ocrx_word' id='word_1_154' title='bbox 121 1720 136 1739; x_wconf 84' lang='lat'>»</span> <span class='ocrx_word' id='word_1_155' title='bbox 153 1698 287 1747; x_wconf 76' lang='lat' dir='ltr'>tum²;</span> <span class='ocrx_word' id='word_1_156' title='bbox 305 1697 487 1740; x_wconf 78' lang='lat' dir='ltr'>»affectu</span> <span class='ocrx_word' id='word_1_157' title='bbox 510 1712 560 1739; x_wconf 90' lang='lat' dir='ltr'>an</span> <span class='ocrx_word' id='word_1_158' title='bbox 584 1698 625 1738; x_wconf 93' lang='lat' dir='ltr'>in</span> <span class='ocrx_word' id='word_1_159' title='bbox 649 1697 857 1739; x_wconf 72' lang='lat' dir='ltr'>veritate?</span> 
     </span>
    </p>

    <p class='ocr_par' dir='ltr' id='par_1_11' title="bbox 125 1767 1474 1894">
     <span class='ocr_line' id='line_1_22' title="bbox 183 1767 1474 1825; baseline -0.002 -14"><span class='ocrx_word' id='word_1_160' title='bbox 183 1768 432 1811; x_wconf 79' lang='lat' dir='ltr'>Ambrosius</span> <span class='ocrx_word' id='word_1_161' title='bbox 453 1767 676 1825; x_wconf 83' lang='lat' dir='ltr'>episcopus</span> <span class='ocrx_word' id='word_1_162' title='bbox 701 1768 803 1809; x_wconf 80' lang='lat' dir='ltr'>dixit</span> <span class='ocrx_word' id='word_1_163' title='bbox 834 1783 843 1808; x_wconf 82' lang='lat' dir='ltr'><strong><em>z</em></strong></span> <span class='ocrx_word' id='word_1_164' title='bbox 868 1767 1052 1810; x_wconf 87' lang='lat' dir='ltr'>Jeannes</span> <span class='ocrx_word' id='word_1_165' title='bbox 1091 1767 1192 1810; x_wconf 83' lang='lat' dir='ltr'>dixit</span> <span class='ocrx_word' id='word_1_166' title='bbox 1217 1767 1257 1809; x_wconf 95' lang='lat' dir='ltr'>in</span> <span class='ocrx_word' id='word_1_167' title='bbox 1292 1767 1474 1824; x_wconf 77' lang='lat' dir='ltr'>Epistola</span> 
     </span>
     <span class='ocr_line' id='line_1_23' title="bbox 125 1836 1034 1894; baseline -0.001 -14"><span class='ocrx_word' id='word_1_168' title='bbox 125 1853 196 1880; x_wconf 86' lang='lat' dir='ltr'>sua</span> <span class='ocrx_word' id='word_1_169' title='bbox 221 1837 353 1879; x_wconf 71' lang='lat' dir='ltr'>:alltc</span> <span class='ocrx_word' id='word_1_170' title='bbox 372 1845 433 1879; x_wconf 89' lang='lat' dir='ltr'>est</span> <span class='ocrx_word' id='word_1_171' title='bbox 456 1852 577 1878; x_wconf 80' lang='lat' dir='ltr'>verus</span> <span class='ocrx_word' id='word_1_172' title='bbox 601 1836 758 1878; x_wconf 85' lang='lat' dir='ltr'>Deus³.</span> <span class='ocrx_word' id='word_1_173' title='bbox 777 1857 789 1875; x_wconf 72' lang='grc' dir='ltr'>ι»</span> <span class='ocrx_word' id='word_1_174' title='bbox 806 1837 917 1894; x_wconf 81' lang='lat' dir='ltr'>Nega</span> <span class='ocrx_word' id='word_1_175' title='bbox 940 1838 1034 1880; x_wconf 82' lang='lat' dir='ltr'>hoc.</span> 
     </span>
    </p>

    <p class='ocr_par' dir='ltr' id='par_1_12' title="bbox 129 1905 1481 2021">
     <span class='ocr_line' id='line_1_24' title="bbox 189 1905 1481 1963; baseline -0.002 -14"><span class='ocrx_word' id='word_1_176' title='bbox 189 1907 400 1950; x_wconf 85' lang='lat' dir='ltr'>Paliadius</span> <span class='ocrx_word' id='word_1_177' title='bbox 424 1906 526 1949; x_wconf 87' lang='lat' dir='ltr'>dixit</span> <span class='ocrx_word' id='word_1_178' title='bbox 560 1921 568 1947; x_wconf 93' lang='lat'><strong>:</strong></span> <span class='ocrx_word' id='word_1_179' title='bbox 596 1908 701 1948; x_wconf 89' lang='lat' dir='ltr'>Cum</span> <span class='ocrx_word' id='word_1_180' title='bbox 727 1906 864 1949; x_wconf 85' lang='lat' dir='ltr'>dicam</span> <span class='ocrx_word' id='word_1_181' title='bbox 891 1907 966 1950; x_wconf 81' lang='lat' dir='ltr'>tibi</span> <span class='ocrx_word' id='word_1_182' title='bbox 989 1921 1132 1949; x_wconf 55' lang='lat' dir='ltr'>serum</span> <span class='ocrx_word' id='word_1_183' title='bbox 1155 1906 1331 1953; x_wconf 77' lang='lat' dir='ltr'>Filium,</span> <span class='ocrx_word' id='word_1_184' title='bbox 1357 1905 1481 1963; x_wconf 74' lang='lat' dir='ltr'>proti-</span> 
     </span>
     <span class='ocr_line' id='line_1_25' title="bbox 129 1977 827 2021; baseline 0 -1"><span class='ocrx_word' id='word_1_185' title='bbox 129 1987 220 2021; x_wconf 78' lang='lat' dir='ltr'>teor</span> <span class='ocrx_word' id='word_1_186' title='bbox 239 1992 376 2020; x_wconf 80' lang='lat' dir='ltr'>veram</span> <span class='ocrx_word' id='word_1_187' title='bbox 401 1978 527 2019; x_wconf 85' lang='lat' dir='ltr'>etiam</span> <span class='ocrx_word' id='word_1_188' title='bbox 547 1977 827 2020; x_wconf 79' lang='lat' dir='ltr'>divinitatem.</span> 
     </span>
    </p>

    <p class='ocr_par' dir='ltr' id='par_1_13' title="bbox 135 2047 1493 2455">
     <span class='ocr_line' id='line_1_26' title="bbox 190 2047 1483 2105; baseline -0.002 -15"><span class='ocrx_word' id='word_1_189' title='bbox 190 2048 437 2091; x_wconf 85' lang='lat' dir='ltr'>Ambrosius</span> <span class='ocrx_word' id='word_1_190' title='bbox 449 2048 669 2105; x_wconf 87' lang='lat' dir='ltr'>episcopus</span> <span class='ocrx_word' id='word_1_191' title='bbox 693 2048 795 2089; x_wconf 87' lang='lat' dir='ltr'>dixit</span> <span class='ocrx_word' id='word_1_192' title='bbox 816 2064 825 2089; x_wconf 93' lang='lat'><strong>:</strong></span> <span class='ocrx_word' id='word_1_193' title='bbox 848 2049 898 2090; x_wconf 86' lang='lat' dir='ltr'>Et</span> <span class='ocrx_word' id='word_1_194' title='bbox 916 2048 957 2090; x_wconf 88' lang='lat' dir='ltr'>in</span> <span class='ocrx_word' id='word_1_195' title='bbox 971 2048 1052 2090; x_wconf 87' lang='lat' dir='ltr'>hoc</span> <span class='ocrx_word' id='word_1_196' title='bbox 1070 2057 1132 2091; x_wconf 86' lang='lat' dir='ltr'>est</span> <span class='ocrx_word' id='word_1_197' title='bbox 1151 2048 1277 2096; x_wconf 75' lang='lat' dir='ltr'>sraus3</span> <span class='ocrx_word' id='word_1_198' title='bbox 1298 2048 1355 2089; x_wconf 89' lang='lat' dir='ltr'>sic</span> <span class='ocrx_word' id='word_1_199' title='bbox 1371 2047 1483 2089; x_wconf 82' lang='lat' dir='ltr'>enim</span> 
     </span>
     <span class='ocr_line' id='line_1_27' title="bbox 135 2118 1486 2166; baseline -0.002 -6"><span class='ocrx_word' id='word_1_200' title='bbox 135 2118 274 2161; x_wconf 89' lang='lat' dir='ltr'>soletis</span> <span class='ocrx_word' id='word_1_201' title='bbox 306 2118 446 2160; x_wconf 83' lang='lat' dir='ltr'>dicere</span> <span class='ocrx_word' id='word_1_202' title='bbox 472 2133 599 2159; x_wconf 88' lang='lat' dir='ltr'>unam</span> <span class='ocrx_word' id='word_1_203' title='bbox 620 2128 661 2160; x_wconf 86' lang='lat' dir='ltr'>et</span> <span class='ocrx_word' id='word_1_204' title='bbox 686 2133 826 2160; x_wconf 73' lang='lat' dir='ltr'>veram</span> <span class='ocrx_word' id='word_1_205' title='bbox 855 2119 1117 2160; x_wconf 85' lang='lat' dir='ltr'>divinitatem</span> <span class='ocrx_word' id='word_1_206' title='bbox 1137 2151 1146 2166; x_wconf 92' lang='lat'>,</span> <span class='ocrx_word' id='word_1_207' title='bbox 1172 2128 1216 2159; x_wconf 84' lang='lat' dir='ltr'>ut</span> <span class='ocrx_word' id='word_1_208' title='bbox 1237 2118 1368 2160; x_wconf 80' lang='lat' dir='ltr'>Patris</span> <span class='ocrx_word' id='word_1_209' title='bbox 1394 2126 1486 2158; x_wconf 88' lang='lat' dir='ltr'>tan-</span> 
     </span>
     <span class='ocr_line' id='line_1_28' title="bbox 137 2186 1490 2230; baseline -0.003 0"><span class='ocrx_word' id='word_1_210' title='bbox 137 2189 355 2230; x_wconf 83' lang='lat' dir='ltr'>tummodo</span> <span class='ocrx_word' id='word_1_211' title='bbox 379 2202 463 2229; x_wconf 92' lang='lat' dir='ltr'>non</span> <span class='ocrx_word' id='word_1_212' title='bbox 492 2188 617 2229; x_wconf 84' lang='lat' dir='ltr'>etiam</span> <span class='ocrx_word' id='word_1_213' title='bbox 646 2188 743 2230; x_wconf 89' lang='lat' dir='ltr'>Filii</span> <span class='ocrx_word' id='word_1_214' title='bbox 769 2203 907 2230; x_wconf 73' lang='lat' dir='ltr'>veram</span> <span class='ocrx_word' id='word_1_215' title='bbox 931 2196 972 2230; x_wconf 86' lang='lat' dir='ltr'>et</span> <span class='ocrx_word' id='word_1_216' title='bbox 996 2203 1120 2229; x_wconf 89' lang='lat' dir='ltr'>unam</span> <span class='ocrx_word' id='word_1_217' title='bbox 1144 2187 1401 2229; x_wconf 84' lang='lat' dir='ltr'>divinitatem</span> <span class='ocrx_word' id='word_1_218' title='bbox 1427 2186 1490 2227; x_wconf 82' lang='lat' dir='ltr'>di-</span> 
     </span>
     <span class='ocr_line' id='line_1_29' title="bbox 140 2256 1491 2315; baseline -0.003 -15"><span class='ocrx_word' id='word_1_219' title='bbox 140 2258 264 2306; x_wconf 84' lang='lat' dir='ltr'>catis,</span> <span class='ocrx_word' id='word_1_220' title='bbox 288 2273 387 2315; x_wconf 77' lang='lat' dir='ltr'>ergo</span> <span class='ocrx_word' id='word_1_221' title='bbox 426 2258 456 2299; x_wconf 88' lang='lat' dir='ltr'>si</span> <span class='ocrx_word' id='word_1_222' title='bbox 481 2267 621 2315; x_wconf 78' lang='lat' dir='ltr'>aperte</span> <span class='ocrx_word' id='word_1_223' title='bbox 640 2258 698 2299; x_wconf 87' lang='lat' dir='ltr'>vis</span> <span class='ocrx_word' id='word_1_224' title='bbox 732 2258 898 2308; x_wconf 84' lang='lat' dir='ltr'>dicere,</span> <span class='ocrx_word' id='word_1_225' title='bbox 930 2258 1025 2315; x_wconf 86' lang='lat' dir='ltr'>quia</span> <span class='ocrx_word' id='word_1_226' title='bbox 1053 2259 1104 2299; x_wconf 89' lang='lat' dir='ltr'>ad</span> <span class='ocrx_word' id='word_1_227' title='bbox 1142 2256 1382 2314; x_wconf 70' lang='lat' dir='ltr'>Scripturas</span> <span class='ocrx_word' id='word_1_228' title='bbox 1424 2271 1491 2297; x_wconf 85' lang='lat' dir='ltr'>me</span> 
     </span>
     <span class='ocr_line' id='line_1_30' title="bbox 141 2326 1493 2385; baseline -0.002 -16"><span class='ocrx_word' id='word_1_229' title='bbox 141 2342 364 2385; x_wconf 73' lang='lat' dir='ltr'>provocas,</span> <span class='ocrx_word' id='word_1_230' title='bbox 395 2327 461 2368; x_wconf 91' lang='lat' dir='ltr'>dic</span> <span class='ocrx_word' id='word_1_231' title='bbox 484 2328 597 2383; x_wconf 88' lang='lat' dir='ltr'>quod</span> <span class='ocrx_word' id='word_1_232' title='bbox 619 2327 722 2369; x_wconf 87' lang='lat' dir='ltr'>dixit</span> <span class='ocrx_word' id='word_1_233' title='bbox 756 2329 1007 2385; x_wconf 80' lang='lat' dir='ltr'>evangelista</span> <span class='ocrx_word' id='word_1_234' title='bbox 1029 2327 1217 2369; x_wconf 85' lang='lat' dir='ltr'>Jeannes</span> <span class='ocrx_word' id='word_1_235' title='bbox 1243 2342 1286 2368; x_wconf 65' lang='lat' dir='ltr'>:a</span> <span class='ocrx_word' id='word_1_236' title='bbox 1307 2326 1384 2368; x_wconf 88' lang='lat' dir='ltr'>Hic</span> <span class='ocrx_word' id='word_1_237' title='bbox 1431 2333 1493 2366; x_wconf 80' lang='lat' dir='ltr'>cst</span> 
     </span>
     <span class='ocr_line' id='line_1_31' title="bbox 144 2399 913 2455; baseline 0.005 -17"><span class='ocrx_word' id='word_1_238' title='bbox 144 2414 293 2442; x_wconf 80' lang='lat' dir='ltr'>»verus</span> <span class='ocrx_word' id='word_1_239' title='bbox 317 2399 454 2440; x_wconf 83' lang='lat' dir='ltr'>Deus:</span> <span class='ocrx_word' id='word_1_240' title='bbox 480 2418 493 2436; x_wconf 68' lang='grc' dir='ltr'>ι)</span> <span class='ocrx_word' id='word_1_241' title='bbox 522 2407 591 2440; x_wconf 89' lang='lat' dir='ltr'>aut</span> <span class='ocrx_word' id='word_1_242' title='bbox 612 2413 715 2455; x_wconf 78' lang='lat' dir='ltr'>nega</span> <span class='ocrx_word' id='word_1_243' title='bbox 740 2399 913 2442; x_wconf 86' lang='lat' dir='ltr'>dictum.</span> 
     </span>
    </p>

    <p class='ocr_par' dir='ltr' id='par_1_14' title="bbox 203 2469 1404 2526">
     <span class='ocr_line' id='line_1_32' title="bbox 203 2469 1404 2526; baseline -0.002 -14"><span class='ocrx_word' id='word_1_244' title='bbox 203 2470 409 2512; x_wconf 86' lang='lat' dir='ltr'>Palladius</span> <span class='ocrx_word' id='word_1_245' title='bbox 432 2469 537 2511; x_wconf 83' lang='lat' dir='ltr'>dixit</span> <span class='ocrx_word' id='word_1_246' title='bbox 565 2484 573 2510; x_wconf 75' lang='grc' dir='ltr'>ι</span> <span class='ocrx_word' id='word_1_247' title='bbox 600 2470 770 2526; x_wconf 87' lang='lat' dir='ltr'>Absque</span> <span class='ocrx_word' id='word_1_248' title='bbox 789 2470 895 2511; x_wconf 84' lang='lat' dir='ltr'>Filio</span> <span class='ocrx_word' id='word_1_249' title='bbox 916 2469 1017 2511; x_wconf 86' lang='lat' dir='ltr'>alius</span> <span class='ocrx_word' id='word_1_250' title='bbox 1035 2469 1197 2525; x_wconf 81' lang='lat' dir='ltr'>genitus</span> <span class='ocrx_word' id='word_1_251' title='bbox 1224 2483 1307 2510; x_wconf 92' lang='lat' dir='ltr'>non</span> <span class='ocrx_word' id='word_1_252' title='bbox 1330 2477 1404 2510; x_wconf 80' lang='lat' dir='ltr'>est.</span> 
     </span>
    </p>

    <p class='ocr_par' dir='ltr' id='par_1_15' title="bbox 206 2538 1500 2597">
     <span class='ocr_line' id='line_1_33' title="bbox 206 2538 1500 2597; baseline -0.004 -14"><span class='ocrx_word' id='word_1_253' title='bbox 206 2540 324 2583; x_wconf 72' lang='lat' dir='ltr'>XXI.</span> <span class='ocrx_word' id='word_1_254' title='bbox 364 2540 571 2581; x_wconf 80' lang='lat' dir='ltr'>Eusebius</span> <span class='ocrx_word' id='word_1_255' title='bbox 593 2541 820 2597; x_wconf 85' lang='lat' dir='ltr'>episcopus</span> <span class='ocrx_word' id='word_1_256' title='bbox 838 2540 939 2582; x_wconf 83' lang='lat' dir='ltr'>dixit</span> <span class='ocrx_word' id='word_1_257' title='bbox 963 2554 971 2581; x_wconf 88' lang='lat'><strong>:</strong></span> <span class='ocrx_word' id='word_1_258' title='bbox 999 2539 1186 2581; x_wconf 79' lang='lat' dir='ltr'>Christus</span> <span class='ocrx_word' id='word_1_259' title='bbox 1227 2553 1347 2580; x_wconf 78' lang='lat' dir='ltr'>verns</span> <span class='ocrx_word' id='word_1_260' title='bbox 1385 2538 1500 2579; x_wconf 71' lang='lat' dir='ltr'>Deus</span> 
     </span>
    </p>
   </div>
   <div class='ocr_carea' id='block_1_3' title="bbox 196 2632 1158 2674">
    <p class='ocr_par' dir='ltr' id='par_1_16' title="bbox 196 2632 1158 2674">
     <span class='ocr_line' id='line_1_34' title="bbox 196 2632 1158 2674; baseline 0 -11"><span class='ocrx_word' id='word_1_261' title='bbox 196 2641 204 2655; x_wconf 87' lang='lat'>¹</span> <span class='ocrx_word' id='word_1_262' title='bbox 227 2632 335 2664; x_wconf 48' lang='lat' dir='ltr'>Galat.</span> <span class='ocrx_word' id='word_1_263' title='bbox 358 2642 402 2673; x_wconf 75' lang='lat' dir='ltr'>iv,</span> <span class='ocrx_word' id='word_1_264' title='bbox 426 2644 457 2674; x_wconf 82' lang='lat'>7.</span> <span class='ocrx_word' id='word_1_265' title='bbox 476 2651 515 2657; x_wconf 91' lang='lat'><strong>—</strong></span> <span class='ocrx_word' id='word_1_266' title='bbox 535 2643 544 2657; x_wconf 83' lang='lat'><strong>¹</strong></span> <span class='ocrx_word' id='word_1_267' title='bbox 564 2633 660 2665; x_wconf 83' lang='lat' dir='ltr'>Joan.</span> <span class='ocrx_word' id='word_1_268' title='bbox 682 2643 763 2674; x_wconf 72' lang='lat' dir='ltr'>xvxi,</span> <span class='ocrx_word' id='word_1_269' title='bbox 780 2633 812 2664; x_wconf 72' lang='lat'>3.</span> <span class='ocrx_word' id='word_1_270' title='bbox 829 2650 869 2658; x_wconf 90' lang='lat'>-·</span> <span class='ocrx_word' id='word_1_271' title='bbox 889 2632 1158 2667; x_wconf 70' lang='lat' dir='ltr'>³1Jorin.v,2o.</span> 
     </span>
    </p>
   </div>
  </div>
 </body>
</html>
