1774 3158
319 218 398 260 168
865 233 894 258 s.
938 233 1124 261 Axmnosu

310 309 610 366 significatione
647 309 866 366 promissa,
912 310 1043 353 factus
1079 312 1207 353 Filius
1231 312 1411 355 hominis
1453 329 1535 357 non
1561 330 1645 358 suae

311 380 586 422 conversione
609 381 851 422 substantia:
866 414 876 428 ,
903 383 975 422 sed
999 391 1149 423 nostrse
1172 384 1454 440 assumptione
1473 394 1647 432 naturae,

309 451 422 492 venit
442 466 629 506 quaerere
651 461 692 493 et
720 453 877 494 salvare
895 454 1008 508 quod
1036 454 1231 509 perierat.
1258 454 1384 496 Venit
1407 464 1544 497 autem
1571 471 1654 498 non

309 522 431 563 locali
449 536 619 563 accessu
646 537 724 563 nec
747 523 933 564 motione
966 539 1190 580 corporea,
1238 533 1435 581 tanquam
1472 541 1654 583 praesens

310 592 476 633 futurus
492 594 604 634 unde
617 592 800 634 affuisset
814 626 824 641 ,
841 603 911 634 aut
931 593 1045 634 illinc
1063 608 1305 635 accessurus
1323 596 1435 636 unde
1453 596 1653 644 venisset,

311 663 385 704 sed
407 663 518 704 venit
541 678 613 719 per
633 663 714 705 hoc
738 664 851 718 quod
875 672 965 706 erat
981 664 1153 705 visibilis
1175 673 1217 705 et
1244 664 1409 705 cunctis
1442 665 1654 706 cernenti-

311 733 389 774 bus
409 734 697 774 declarandus.
718 733 954 774 Humanam
973 733 1132 774 scilicet
1146 748 1314 775 carnem
1335 743 1459 790 atque
1474 735 1656 777 animam

313 803 354 844 in
376 803 605 845 visceribus
620 804 789 859 virginis
810 804 953 844 matris
973 803 1178 860 accipiens
1192 837 1202 852 ,
1225 812 1269 845 ut
1286 806 1656 848 manensinsorma

310 872 412 920 Dei,
450 873 555 914 servi
578 873 755 914 sormam
780 883 1028 921 assumeret,
1065 882 1106 915 et
1134 875 1174 915 in
1213 874 1486 917 similitudine
1522 877 1656 918 carnis

312 950 582 999 peecatorum
610 944 793 992 veniret,
815 960 888 1000 per
914 960 1037 1000 quam
1068 960 1151 985 non
1175 944 1385 986 minueret
1410 945 1548 987 divina
1584 945 1658 987 hu-

313 1013 447 1054 manis
463 1045 473 1060 ,
497 1014 571 1054 sed
593 1022 761 1069 augeret
786 1014 934 1055 divinis
952 1015 1150 1056 humana.
1179 1015 1288 1057 Talis
1310 1017 1422 1057 enim
1458 1023 1545 1057 erat
1573 1031 1659 1057 om-

312 1083 430 1124 nium
453 1098 499 1124 ac
536 1084 680 1140 primis
717 1085 843 1125 dueta
874 1085 1130 1140 genitoribus
1158 1099 1282 1126 causa
1319 1086 1558 1127 mortalium
1577 1118 1587 1133 ,
1613 1094 1659 1127 ut

314 1154 504 1210 originali
527 1162 701 1210 peccato
724 1163 963 1196 transeunte
984 1170 1058 1211 per
1078 1164 1288 1211 posteros,
1324 1157 1461 1196 nullus
1494 1171 1658 1212 poenam

313 1224 591 1266 damnationis
616 1226 836 1272 evaderet,
857 1226 935 1266 nisi
954 1225 1138 1266 Verbum
1162 1240 1259 1267 caro
1285 1224 1403 1267 fieret
1424 1234 1465 1267 et
1502 1227 1659 1269 habita-

313 1296 435 1337 retin
458 1296 594 1337 nobis.
626 1296 752 1347 Quod
781 1297 945 1338 deitatis
969 1305 1056 1345 est,
1086 1311 1184 1338 caro
1219 1282 1304 1339 non
1339 1297 1512 1345 minuit;
1547 1300 1660 1354 quod

312 1367 448 1410 carnis
469 1375 552 1414 est,
579 1367 708 1409 deitas
731 1383 816 1409 non
839 1369 1030 1424 peremit.
1058 1368 1174 1408 Idem
1193 1368 1360 1410 enimet
1378 1369 1659 1426 sempiternus

312 1453 363 1479 ex
381 1438 503 1480 Patre
517 1468 527 1484 ‚
553 1446 596 1478 et
613 1438 855 1494 temporalis
877 1453 927 1478 ex
946 1446 1080 1478 matre
1096 1470 1105 1484 ‚
1139 1439 1180 1478 in
1211 1453 1281 1478 sua
1314 1439 1468 1480 virtute
1487 1439 1660 1480 inviola-

312 1508 430 1557 bilis,
455 1509 496 1549 in
514 1517 654 1549 nostra
673 1507 916 1549 infirmitate
938 1508 1161 1564 passibilis.
1186 1509 1232 1549 In
1257 1509 1411 1551 deitate
1434 1519 1598 1551 tautum
1618 1520 1660 1553 et

311 1594 410 1621 cum
423 1579 544 1620 Patre
554 1588 595 1620 et
607 1593 703 1620 cum
718 1577 876 1634 Spiritu
897 1587 1040 1620 sancto
1056 1578 1177 1619 unius
1196 1578 1470 1635 ejusdemque
1483 1589 1658 1621 naturae:

310 1651 352 1691 in
375 1649 642 1705 susceptione
664 1657 802 1689 aulem
827 1649 1033 1696 hominis,
1057 1664 1141 1689 non
1160 1649 1280 1689 unius
1297 1649 1560 1701 substam'iae,
1589 1649 1661 1691 sed

306 1720 430 1762 unius
452 1719 726 1775 ejusdemque
747 1734 934 1775 personae
957 1735 965 1760 :
987 1709 1034 1759 ut
1057 1720 1166 1761 idem
1188 1729 1295 1761 esset
1318 1720 1432 1762 clives
1473 1721 1512 1761 in
1555 1737 1663 1777 pau-

307 1799 492 1849 pertate,
520 1791 784 1847 omnipotens
803 1791 843 1830 in
877 1790 1156 1832 submissione
1177 1824 1185 1838 ‚
1210 1791 1474 1847 impassibilis
1499 1791 1539 1832 iu
1562 1807 1660 1849 sup-

308 1861 458 1919 plicio,
487 1861 731 1901 immortalis
758 1859 800 1900 in
830 1870 978 1902 morte.
1022 1860 1107 1903 Nec
1145 1861 1256 1901 cuim
1287 1860 1470 1902 Verbum
1513 1870 1582 1902 aut
1621 1862 1662 1902 in

309 1946 479 1973 carnem
517 1940 588 1971 aut
621 1930 661 1971 in
696 1930 877 1972 animam
902 1932 1038 1987 aliqua
1071 1931 1133 1972 sui
1155 1939 1273 1986 parte
1298 1944 1544 1972 conversum
1567 1938 1658 1979 est;

308 1987 404 2042 curn
433 2002 607 2057 simplex
628 2009 669 2042 et
688 2001 959 2042 immutabilis
977 2009 1125 2042 natura
1150 2001 1313 2041 deitatis
1340 2009 1423 2042 tota
1447 2001 1487 2041 in
1515 2016 1587 2041 sua
1610 2001 1661 2042 sit

306 2087 472 2129 semper
489 2073 667 2113 essentia
684 2089 694 2118 ;
720 2086 796 2113 nec
825 2074 1024 2113 damnum
1048 2071 1126 2113 sibi
1145 2072 1350 2128 recipiens
1370 2086 1448 2112 nee
1466 2086 1662 2128 augmen-

305 2152 394 2184 tum
413 2160 423 2189 ;
450 2151 491 2182 et
511 2143 568 2182 sic
589 2150 841 2198 assumptam
862 2150 1051 2183 naturam
1072 2141 1312 2183 beatificans
1330 2175 1339 2189 ,
1362 2151 1407 2183 ut
1431 2141 1660 2199 glorificata

301 2215 341 2255 in
366 2212 629 2269 glorificante
650 2222 904 2269 permaneat.

351 2284 421 2325 ΙΙΙ.
452 2282 537 2323 Cur
556 2292 695 2323 autem
714 2283 1012 2324 inconveniens
1033 2293 1102 2324 aut
1123 2284 1598 2340 impossibilevideatur,
1615 2293 1660 2325 ut

299 2354 487 2396 Verbum
506 2361 547 2393 et
569 2368 666 2394 caro
693 2363 816 2409 atque
839 2355 975 2394 anima
1000 2369 1104 2394 unus
1129 2354 1253 2394 bomo
1275 2354 1462 2395 Christus
1486 2363 1528 2396 et
1551 2370 1658 2395 unus

300 2424 376 2466 Dei
392 2423 657 2479 hominisque
680 2424 730 2464 sit
749 2424 877 2465 Filius
894 2458 902 2471 ,
923 2424 954 2465 si
981 2440 1077 2465 caro
1112 2433 1153 2464 et
1177 2424 1335 2470 anima,
1361 2439 1452 2480 quae
1477 2424 1652 2465 dissimi-

299 2495 400 2535 lium
414 2502 658 2535 naturarum
675 2502 787 2542 sunt,
806 2509 931 2537 unam
947 2494 1122 2542 faciunt,
1136 2495 1259 2536 etiam
1275 2494 1363 2535 sine
1376 2493 1502 2537 Verbi
1517 2494 1652 2535 incar-
