1774 3158
1415 218 1432 228 υ

389 234 590 262 ΞΙίΙὶΜΟΝΕὸ
621 233 774 260 REGE-NS
809 233 937 267 Enim,
974 235 1102 261 SERMO
1136 235 1195 262 111.
1386 219 1465 260 1:25

124 311 215 367 jure
237 311 548 367 conjungimur,
584 325 678 351 cum
705 311 848 358 bonis,
877 325 923 352 ac
955 313 1072 353 malis
1108 313 1213 354 bona
1249 313 1464 370 largimur,

125 397 220 422 eum
245 390 314 422 aut
335 381 622 422 obliviscimur
645 380 807 436 injuriae
831 390 900 422 aut
919 383 1044 421 corde
1063 383 1311 424 dimittimus
1335 391 1470 424 reten-

125 460 279 499 tatum,
315 466 410 492 cum
437 450 711 491 eminentiore
744 451 899 490 dilectu
930 465 1005 506 pro
1041 452 1183 492 amicis
1217 468 1298 492 non
1333 454 1467 493 solum

127 529 266 562 nostra
282 551 292 567 ‚
317 523 388 561 sed
409 529 451 561 et
473 519 749 575 nosmetipsos
789 519 1097 575 impendimus3
1124 521 1181 561 sic
1208 530 1351 562 sancto
1376 521 1472 577 Spi-

123 591 205 632 ritu
225 591 547 637 abundabimus,
567 589 691 645 cujus
708 598 749 630 et
767 604 925 635 sumus,
947 589 978 629 si
998 590 1113 630 omni
1131 591 1468 642 mansuetudine,

130 675 222 716 quae
242 660 507 715 benignitatis
531 668 647 706 sunt,
673 659 932 715 impleamus.

183 729 228 770 V.
267 730 367 770 Inde
390 729 596 770 Dominus
627 727 818 769 Christus
847 728 1074 782 Apostolos
1098 728 1149 768 ad
1178 728 1383 770 ultionem
1408 730 1473 770 in-

132 797 343 854 hospitum
371 797 730 839 Samaritanorum
763 805 1036 853 properantes
1058 797 1246 844 monuit,
1276 798 1468 840 discens:

133 867 328 908 «Nescitis
354 867 474 919 cujus
520 867 688 923 spiritus
712 865 830 906 cstis¹
850 865 869 906 Ξ)
887 885 900 903 ι)
924 867 1066 921 utique
1104 868 1435 908 mansuetudinis
1458 883 1466 908 :

125 937 195 991 qui
219 937 269 977 ab
286 937 480 977 ominbus
499 935 854 977 commotionibus
874 936 1031 976 alienus
1055 935 1128 982 sit,
1152 936 1221 991 qui
1244 937 1355 977 nulla
1375 952 1473 978 con·

129 1005 311 1047 cutiatur
333 1006 482 1061 injuria
498 1037 507 1052 ‚
542 1005 612 1060 qui
638 1007 688 1045 ab
711 1005 906 1046 omnibus
930 1005 1316 1061 perturbationibus
1337 1016 1468 1056 vacet,

123 1076 193 1131 qui
225 1076 524 1131 tranquillitate
559 1076 788 1119 subnixuse
825 1077 961 1123 mitis,
999 1076 1228 1131 benignus,
1269 1077 1396 1125 lenis,
1430 1087 1472 1120 et

123 1144 300 1185 blandus
319 1153 404 1191 est;
428 1159 553 1200 quem
578 1145 698 1185 tertio
724 1145 826 1185 vidit
850 1145 1009 1191 Helias,
1037 1146 1200 1186 dicente
1220 1145 1432 1202 Scriptura
1456 1162 1465 1187 ε

134 1231 148 1250 «ι
168 1213 286 1254 Exies
310 1213 491 1254 crastina
510 1213 575 1253 die
593 1247 602 1260 ,
624 1222 665 1253 et
698 1213 824 1254 stabis
849 1222 945 1254 ante
972 1222 1244 1269 conspectum
1270 1215 1438 1256 Domini
1460 1230 1470 1256 :

124 1301 138 1322 n
153 1292 195 1324 et
211 1298 311 1324 ecee
331 1284 535 1324 Dominus
555 1283 750 1330 transiet,
777 1291 817 1324 et
840 1297 940 1323 ecce
967 1284 1135 1339 spiritus
1160 1298 1335 1339 magnus
1352 1317 1362 1332 ,
1395 1300 1474 1340 po-

125 1363 246 1394 »tens
261 1385 272 1401 ,
299 1353 590 1398 comminuens
622 1361 808 1400 montes,
839 1361 880 1393 ct
902 1362 1123 1394 conterens
1147 1365 1284 1410 petras
1307 1355 1348 1395 in
1371 1370 1474 1397 con-

128 1429 285 1478 »pectu
315 1422 513 1463 Domini:
547 1430 587 1463 et
614 1436 697 1462 non
733 1422 775 1462 in
806 1436 854 1462 oo
887 1422 1035 1477 spiritu
1062 1423 1290 1472 Dominus,
1313 1434 1354 1466 et
1378 1434 1472 1481 post

123 1511 138 1530 »
153 1491 343 1547 spiritum
357 1499 476 1532 terrae
486 1500 639 1539 motus,
653 1500 694 1532 et
706 1506 791 1532 non
803 1491 843 1532 in
856 1500 976 1532 terrae
986 1500 1105 1533 motu
1117 1493 1322 1535 Dominus
1332 1503 1475 1551 etpost

125 1570 455 1603 »terraemotum
486 1561 621 1617 ignis:
644 1570 685 1602 et
718 1576 802 1602 non
837 1562 879 1602 in
919 1563 1013 1618 igne
1052 1564 1277 1611 Dominus,
1307 1573 1348 1606 et
1380 1574 1474 1622 post

125 1631 296 1687 »ignem
318 1645 396 1673 vox
417 1645 526 1672 aurae
548 1632 715 1672 tenuis:
748 1640 789 1672 et
819 1632 860 1672 in
883 1646 933 1672 eo
974 1633 1174 1674 Dominus
1193 1633 1223 1676 ³.
1245 1653 1259 1672 n
1281 1635 1364 1676 Sed
1392 1636 1472 1677 hoc

125 1703 238 1757 quod
260 1717 336 1758 per
354 1710 664 1743 sacramentum
683 1702 822 1742 Helias
844 1702 987 1743 videre
1010 1705 1188 1751 meruit,
1214 1714 1357 1761 aperte
1384 1721 1474 1762 pro-

125 1773 250 1829 pheta
276 1773 416 1813 Esaias
450 1772 633 1813 Domino
653 1773 864 1812 revelante
892 1774 1102 1828 cognovit,
1133 1773 1300 1830 «Super
1319 1791 1468 1831 quem,

128 1861 142 1882 »
157 1843 315 1898 inquit,
338 1843 596 1898 requiescam
614 1874 624 1891 ‚
649 1842 726 1882 nisi
744 1857 870 1897 super
891 1843 1110 1891 humilem,
1130 1852 1171 1885 et
1187 1855 1468 1894 mansuetum,

127 1924 198 1956 »et
216 1922 469 1956 trementem
489 1914 616 1954 verba
640 1911 757 1955 mea³
775 1912 792 1952 Ρ
810 1912 908 1954 »Sic
932 1921 973 1953 ct
998 1912 1167 1955 Samuel
1191 1915 1283 1963 ille,
1309 1915 1377 1956 ilie
1399 1914 1476 1957 Sa-

123 1986 238 2026 mue'l
254 1984 450 2025 sacerdos
474 1983 666 2031 illustris,
686 1984 1027 2039 praeclarissimos
1044 1985 1192 2025 fratres
1213 1985 1351 2040 specie
1374 2000 1471 2026 con-

126 2054 301 2100 similes,
337 2067 454 2109 pares
485 2053 757 2108 proceritate,
792 2053 945 2093 virtute
977 2068 1061 2094 non
1095 2054 1274 2110 impares
1304 2055 1474 2097 Domini

125 2133 337 2180 praecepto
367 2124 564 2179 reprobat
591 2132 632 2164 et
656 2124 850 2179 depellit,
879 2133 920 2164 et
959 2125 1091 2164 David
1124 2139 1271 2165 eorum
1300 2124 1471 2167 fratrem

125 2195 361 2236 humilitate
382 2195 620 2246 subiectum
635 2227 644 2243 ,
675 2194 999 2235 mansuetudine
1026 2194 1239 2235 infirmum
1255 2226 1265 2242 ,
1294 2205 1336 2236 et
1357 2205 1473 2238 tran-

127 2265 340 2321 quillitatis
363 2265 510 2321 spiritu
531 2266 733 2306 leniorem
759 2265 924 2306 Domini
948 2275 1158 2321 praecepto
1193 2266 1312 2306 unxit
1339 2266 1380 2307 in
1412 2282 1474 2307 re-

127 2350 244 2392 gem3
271 2336 382 2376 unde
405 2336 491 2390 ipse
515 2343 707 2390 precatus
735 2336 814 2376 ait:
833 2354 846 2371 «
865 2335 1098 2382 Memento,
1123 2335 1302 2376 Domine
1321 2336 1469 2383 David,

127 2406 284 2447 »totius
306 2405 485 2446 lenitatis
509 2406 641 2460 ejus¹⁸.
661 2425 676 2444 »
692 2407 788 2447 Haee
802 2407 952 2447 electio
974 2407 1048 2446 Dei
1073 2407 1223 2447 mansit
1245 2421 1411 2462 semper
1433 2415 1474 2448 et

128 2485 293 2523 manet,
321 2484 367 2516 ut
401 2478 602 2532 superbos
637 2485 851 2533 oppugnet
887 2486 928 2517 et
966 2477 1193 2533 deprimat,
1220 2486 1260 2519 et
1292 2476 1473 2519 humiles

179 2588 185 2602 ¹
211 2579 286 2610 Luc.
306 2587 351 2618 ix,
366 2578 462 2610 55.—-
479 2586 491 2600 ⁹
512 2579 529 2608 5
547 2579 888 2620 Reg.x1x‚11‚12.-—
904 2580 917 2603 ³
933 2579 1004 2610 Isai.
1026 2589 1110 2618 wa,
1131 2589 1160 2611 2.
1177 2597 1215 2602 —
1234 2578 1338 2610 ⁴Psal.
1356 2589 1463 2611 cxxx!-
