1774 3158
312 200 390 241 160
845 216 874 241 s.
916 216 1106 243 AMBROSH

306 304 433 346 perna
457 288 628 330 canticis
661 289 883 334 invitemus
907 309 915 334 :
943 294 974 334 si
1002 292 1140 334 omnia
1167 307 1259 347 quae
1292 292 1468 333 facimus
1499 306 1650 348 opere,

307 373 397 414 quae
422 372 614 399 sermone
636 360 861 414 loquimur,
899 378 989 418 quan
1028 362 1281 415 cogitatione
1313 362 1649 417 complectimur,

306 427 347 468 in
370 428 448 468 Dei
471 429 619 469 timore
642 430 909 485 perfichnus3
935 433 1085 488 gratias
1110 431 1339 472 reserentes
1360 429 1471 471 Patri
1494 445 1568 486 per
1589 430 1654 471 Fi-

304 499 407 539 lium
423 530 434 546 ,
457 499 672 541 laudantes
700 502 836 543 Deum
859 503 899 543 in
927 502 1116 548 Christo,
1141 509 1180 542 et
1205 500 1416 541 Christum
1435 500 1654 556 prael'eren-

305 576 364 609 tes
387 568 429 609 in
452 570 566 617 Deo,
592 577 637 610 ut
660 571 851 613 coelestes
881 571 1121 612 coelestibus
1156 569 1413 626 comparati,
1453 568 1656 625 spiritales

306 637 561 694 spiritalibus
585 639 829 683 similemus,
859 642 986 692 Quod
1009 656 1113 697 opus
1137 641 1251 681 aliud
1274 641 1437 681 nullum
1461 648 1543 687 est,
1578 638 1657 680 nisi

303 707 385 748 Dei
424 709 601 764 gloriam
635 709 773 750 divina
813 725 914 751 voce
952 711 1218 756 collaudent,
1258 709 1423 750 dicente
1463 709 1655 750 Joanne:

317 795 333 815 a
356 777 448 820 Vidi
473 788 514 820 et
538 779 675 820 audivi
699 794 847 821 vocem
880 782 1111 821 multorum
1144 780 1185 820 in
1215 780 1395 822 circuitu
1428 779 1588 826 throni,
1615 787 1658 820 et

307 847 607 895 »animalium,
638 857 678 889 et
705 850 949 891 seniorum:
977 859 1019 891 et
1039 859 1128 891 erat
1161 865 1363 891 numerus
1392 849 1529 890 docies
1556 863 1658 890 cen-

308 935 323 954 »
342 925 433 958 lena
456 919 659 968 millium,
689 920 875 960 dicentes
895 935 995 960 voce
1019 935 1164 976 magna
1190 936 1198 961 :
1228 921 1386 976 Dignus
1413 928 1475 961 est
1496 919 1655 976 Agnus,

310 987 410 1042 »qui
442 989 604 1030 occisus
642 998 727 1039 est,
760 990 951 1046 accipere
982 999 1258 1046 potestatem,
1292 1000 1334 1032 ct
1364 991 1588 1038 virtutem,
1617 998 1659 1031 et

309 1074 325 1096 »
341 1057 502 1098 divitias
517 1091 528 1106 ,
552 1066 592 1099 et
616 1048 859 1114 patientiam
876 1092 884 1106 ,
905 1069 946 1100 et
968 1061 1194 1108 honorem,
1222 1070 1262 1102 et
1283 1061 1598 1108 fortitudinem,
1618 1067 1660 1101 et

310 1126 514 1181 »gloriam
531 1159 541 1174 ,
569 1135 610 1167 et
632 1127 987 1169 benedictionem.
1016 1130 1067 1170 Et
1095 1145 1262 1170 omnem
1289 1139 1549 1176 creaturam,
1568 1143 1659 1185 quae

312 1203 401 1235 »est
423 1195 463 1236 in
483 1198 606 1243 coelo,
633 1206 675 1238 et
691 1213 817 1254 super
836 1206 1007 1245 terram,
1035 1206 1076 1239 et
1095 1213 1226 1246 marc,
1253 1208 1293 1240 et
1317 1214 1406 1254 quae
1425 1199 1465 1239 in
1489 1199 1546 1239 eis
1565 1206 1662 1239 sunt

309 1282 325 1303 »
340 1266 517 1309 omnia¹.
541 1285 556 1306 »
578 1267 631 1309 Et
654 1268 806 1312 iterum
825 1277 970 1310 monet
989 1285 998 1309 :
1027 1287 1041 1306 «
1062 1269 1211 1325 Angeli
1235 1270 1400 1311 stabant
1418 1269 1529 1310 circa
1549 1270 1660 1311 thro-

311 1351 326 1372 »
343 1349 467 1386 num,
493 1343 534 1376 et
557 1337 760 1386 seniores,
792 1347 833 1379 et
859 1347 1040 1394 quatuor
1065 1339 1260 1380 animalia
1283 1342 1292 1379 ‘t
1322 1347 1363 1380 et
1386 1340 1662 1395 prociderunt

311 1414 436 1447 »ante
474 1406 673 1448 thronum
704 1409 743 1448 in
776 1408 926 1450 faciem
957 1423 1097 1457 suam,
1130 1418 1171 1450 et.
1194 1411 1478 1451 adoraverunt
1499 1410 1659 1456 Deum,

312 1492 328 1514 »
345 1474 529 1516 dicentes
550 1491 558 1516 :
579 1476 848 1524 Benedictio,
879 1486 920 1518 et
942 1478 1093 1534 gloria,
1127 1487 1167 1519 et
1200 1478 1400 1535 sapientia
1417 1511 1427 1526 ,
1453 1488 1494 1520 et
1515 1479 1663 1535 gratia·

313 1561 438 1587 »rum
469 1547 600 1595 actio,
627 1555 668 1588 et
688 1548 843 1597 honor,
879 1557 921 1589 et
952 1556 1160 1604 potestas,
1185 1557 1225 1590 et
1249 1550 1377 1591 virtus
1400 1550 1489 1592 Deo
1518 1557 1658 1590 nostro

313 1616 494 1657 »saecula
512 1618 775 1659 saeculorum.
802 1618 938 1659 Amen
955 1617 986 1658 ².
1016 1637 1031 1657 ι)

358 1710 369 1730 ¹
390 1707 489 1749 Apoc.
508 1717 540 1745 v,
563 1709 728 1739 ιι-ι5.--
748 1707 831 1740 ¹1d.
849 1718 908 1746 vn,
929 1717 1046 1745 11,12.
