1774 3158
293 235 376 277 22ss
839 245 870 272 s.
910 245 1103 274 ammosa

287 328 519 385 prudenter
540 323 755 366 emerendi
789 338 837 366 ac
859 324 1112 382 propitiandi
1135 323 1340 366 rationem
1369 338 1635 382 cognoscere.

292 399 411 440 [nde
429 406 470 438 et
485 395 696 453 Propheta
718 395 798 437 ait:
816 395 1089 437 «Sacrificate
1109 394 1361 436 sacrificium
1379 395 1550 452 justitiae
1564 394 1595 437 ¹.
1615 413 1630 434 n

290 470 436 524 Itaque
459 466 628 523 justitiae
644 498 653 513 ,
673 466 728 507 ita
751 474 797 507 ut
818 466 1029 523 sapientise
1053 464 1308 508 sacrificium
1327 473 1400 507 est.

350 539 416 582 IV.
455 539 566 580 Ecce
598 552 696 594 ergo
721 552 837 578 inens
869 537 1000 578 calida
1024 545 1065 578 et
1102 536 1289 584 servem,
1313 544 1360 577 ut
1385 535 1515 593 ignis,
1551 550 1642 592 quae

285 620 488 670 ‘operatur
513 626 522 650 ι
551 623 650 650 ecce
674 618 716 650 et
747 607 1021 664 intelligibilia
1039 639 1048 654 ,
1079 607 1120 648 id
1142 615 1228 654 est,
1256 605 1457 654 materia;
1481 605 1554 647 ubi
1581 614 1644 648 est

291 683 488 729 tertium,
513 678 774 736 intelligere?
814 679 921 720 Eece
957 678 1097 725 color-3
1134 677 1207 718 ubi
1238 685 1300 719 est
1329 676 1504 718 videre?
1533 677 1644 718 Ecce

292 753 528 800 sensibilia3
553 751 624 792 ubi
646 759 708 791 est
730 748 885 790 sentire
900 748 917 789 Ρ
935 748 1106 790 Materia
1130 748 1242 789 enim
1263 761 1346 788 non
1377 747 1427 788 ab
1448 747 1643 788 omnibus

289 827 476 871 videtum
519 822 698 876 ideoque
735 819 848 860 Deus
880 820 949 860 dat
977 833 1132 860 munus
1164 816 1452 873 intelligendi,
1481 824 1523 858 et
1555 830 1644 859 sen—

291 895 444 944 tiendi,
474 889 714 934 etvidendi.

353 965 398 1008 V.
435 962 625 1004 Verbum
656 967 757 1016 'ergo
787 959 864 1002 Dei
895 963 1114 1014 ἀποτέλεσμα
1149 966 1234 1007 est,
1271 958 1312 1000 id
1345 968 1431 1009 est,
1458 958 1644 1002 definitio

288 1049 329 1083 et
354 1034 661 1081 consummatio
698 1030 1015 1088 disputationis,
1042 1031 1156 1085 quod
1190 1030 1429 1072 infunditur
1464 1032 1646 1089 pruden-

291 1110 491 1155 tioribus,
526 1114 567 1148 et
600 1103 726 1146 dubia
759 1100 996 1143 confirmat.
1037 1100 1219 1142 Pulchre
1254 1094 1556 1149 autem'etiam
1590 1101 1643 1151 ii,

289 1180 359 1237 qui
387 1179 428 1220 in
449 1178 674 1219 adventum
694 1172 849 1214 Christi
872 1186 956 1213 non
986 1170 1284 1220 crediderunt,
1309 1186 1353 1213 se
1377 1171 1488 1228 ipsos
1511 1172 1645 1214 revin-

290 1258 419 1298 cunt3
453 1256 500 1290 ut
530 1244 839 1291 confiteantur,
873 1242 987 1298 quod
1022 1241 1261 1298 negandum
1293 1249 1458 1298 putant.
1490 1241 1648 1284 Dicunt

290 1322 401 1366 enim
423 1319 595 1362 arietem
618 1315 805 1358 Verbum
826 1313 930 1364 Dei,
949 1321 989 1354 et
1014 1327 1098 1354 non
1122 1313 1301 1355 credunt
1321 1312 1524 1370 passionis
1540 1327 1649 1370 mys-

290 1393 470 1439 terium3
493 1403 591 1431 cum
620 1387 660 1428 in
685 1386 755 1428 illo
777 1384 980 1441 mysterio
998 1383 1185 1427 Verbum
1208 1382 1284 1426 Dei
1306 1383 1382 1433 sit,
1404 1379 1452 1426 in'
1468 1398 1551 1442 quo
1574 1383 1648 1426 im-

288 1466 450 1524 pletum
469 1468 532 1503 est
554 1456 824 1501 sacrificium.

349 1534 418 1577 VI.
455 1532 564 1587 Ergo
582 1528 768 1586 primum
796 1526 1075 1568 accendamus
1093 1526 1134 1567 in
1156 1526 1276 1568 nobis
1304 1526 1442 1584 ignem
1465 1526 1644 1578 mentis,

289 1615 337 1649 nt
356 1612 555 1662 operetur
588 1600 630 1642 in
663 1598 798 1640 nobis.
827 1598 1075 1648 Quaeramus
1107 1597 1369 1653 subjicientis
1394 1597 1614 1640 materiam
1633 1631 1644 1646 ‚

290 1677 392 1735 quid
409 1675 460 1717 sit
483 1673 596 1730 quod
620 1669 778 1711 nutriat
797 1668 976 1710 animam
993 1700 1002 1715 ,
1018 1675 1217 1724 tanquam
1241 1667 1282 1709 in
1305 1667 1489 1710 tenebris
1512 1667 1648 1724 requi-

290 1761 433 1791 ramus
457 1757 561 1785 eam.
596 1740 745 1795 Neque*
758 1737 870 1780 enim
902 1738 966 1779 vel
997 1738 1139 1779 Patres
1162 1737 1376 1786 sciebant,
1405 1737 1509 1794 quid
1539 1745 1646 1779 esset

291 1815 495 1862 manna²z
522 1814 799 1858 invenerunt,
824 1808 982 1864 inquit,
1008 1823 1161 1850 manna
1185 1808 1373 1851 dicentes
1400 1807 1536 1867 ipsum
1557 1822 1646 1850 esse

295 1899 532 1932 sermonem
555 1891 598 1924 et
619 1881 806 1924 Verbum
837 1879 942 1928 Dei3
968 1880 1081 1921 unde
1107 1894 1252 1922 omnes
1277 1878 1507 1936 disciplinae
1532 1878 1648 1921 sonte

295 1959 381 2019 jugi
401 1972 448 2000 ac
475 1962 679 2014 perpetuo
697 1952 835 1995 ssuunt
855 1984 864 2000 ,
890 1959 1014 2008 atque
1036 1951 1239 1994 derivant.

355 2029 446 2074 VH.
482 2027 581 2069 Haee
605 2031 666 2066 est
687 2038 781 2065 esea
814 2022 1006 2064 coelestis.
1035 2021 1305 2079 Significatur
1327 2030 1467 2065 autem
1487 2036 1537 2065 ex
1558 2036 1650 2079 per·

298 2116 398 2148 sona
423 2096 599 2141 dicentis
626 2110 635 2136 :
661 2112 675 2132 α
692 2094 804 2135 Ecce
825 2108 900 2150 ego
925 2093 1069 2150 pluam
1088 2088 1205 2134 vobis
1222 2107 1350 2149 panes
1370 2092 1422 2135 de
1443 2092 1550 2134 coelo
1564 2091 1575 2113 ³
1597 2107 1641 2134 :n

297 2182 408 2219 αἴτιον
424 2183 539 2226 ergo,
553 2181 603 2208 eo
624 2166 736 2222 quod
752 2172 950 2221 operatur
967 2164 1078 2207 Deus
1090 2197 1100 2212 ,
1121 2163 1192 2220 qui
1210 2163 1354 2221 irrigat
1374 2172 1537 2220 mentes
1553 2178 1650 2206 rore

298 2241 534 2301 sapientiae:
557 2246 638 2292 ὕλη,
657 2236 752 2292 quia
771 2236 958 2278 videntes
979 2235 1124 2277 animae
1146 2242 1189 2276 et
1210 2241 1422 2291 gustantes
1445 2235 1651 2277 delectan-

298 2325 388 2362 tur,
413 2321 456 2354 et
477 2308 700 2366 requirunt
726 2307 838 2348 unde
858 2305 908 2348 sit
939 2304 1042 2347 illud
1068 2304 1325 2362 splendidius
1346 2305 1466 2354 luce,
1486 2304 1650 2348 dulcius

297 2383 436 2428 melle.
465 2379 760 2437 Respondetur
791 2377 850 2418 eis
879 2375 1108 2432 Scripturae
1135 2374 1240 2416 serie
1260 2389 1269 2416 ε
1289 2393 1304 2412 ιι
1319 2374 1397 2418 Hic
1419 2382 1483 2418 est
1503 2373 1623 2431 panis
1637 2406 1649 2424 ‚

297 2467 453 2511 »quem
486 2449 602 2493 dedit
633 2447 751 2490 vobis
786 2447 1046 2489 manducare
1080 2444 1334 2494 Dominus&
1356 2464 1372 2484 ι»
1395 2453 1437 2488 et
1466 2444 1550 2488 hoc
1589 2451 1653 2486 est

294 2525 482 2570 Verbum
504 2520 581 2564 Dei
597 2552 605 2568 ,
620 2519 734 2576 quod
748 2516 953 2575 disposuit
968 2516 1103 2565 Deus,
1118 2517 1183 2558 vel
1200 2515 1433 2559 ordinavit:
1455 2529 1539 2573 quo
1561 2529 1650 2573 pas-

342 2629 349 2643 ·
367 2616 450 2650 Psal.
473 2625 516 2650 iv,
531 2614 564 2647 6.
583 2631 622 2637 —
643 2619 654 2634 ¹
674 2611 778 2645 Exod.
795 2621 860 2647 xvv,
878 2612 930 2649 25,
952 2610 1001 2642 16.
1021 2627 1061 2634 -·
1080 2611 1093 2634 3
1109 2609 1196 2643 lbid.
1219 2627 1259 2633 —
1277 2608 1390 2643 ⁴1bid.
1411 2609 1463 2642 15.
