1774 3158
537 239 821 269 EPlsToLARUM
856 238 1017 266 cLAssis
1049 240 1076 266 1.
1411 225 1494 281 309

139 319 422 364 sacramentis.
444 318 485 360 Si
506 318 682 365 refutet,
708 316 921 359 videbitur
948 316 1216 358 mendacium
1241 317 1419 374 prodere
1438 317 1494 359 :si

146 391 404 446 acquiescat,
432 388 699 444 sacrilegium
718 385 923 428 confiteri.

195 459 397 502 XXXIV.
428 459 523 506 Ubi,
550 458 710 514 iuquit,
737 457 777 498 in
801 458 912 512 leges
938 464 1094 498 vestras
1115 465 1156 497 et
1181 457 1305 498 verba
1330 457 1489 514 jurabi-

137 529 257 571 mus?
279 530 387 585 Ergo
407 543 523 569 mens
549 537 683 568 vestra
699 559 710 575 ,
735 541 826 583 quae
847 526 1011 582 legibus
1032 534 1199 567 tenetur
1218 527 1395 575 inclusa,
1421 543 1495 569 cae.

139 598 336 640 remoniis
354 598 540 655 gentium
560 596 804 653 suffragium
830 595 1013 651 colligit,
1036 594 1162 636 fidem
1182 595 1381 652 stringit?
1398 598 1493 639 Jam

137 684 220 711 non
239 670 374 710 solum
395 668 693 725 praesentium,
709 667 782 708 secl
802 666 1039 707 absentium
1064 665 1188 708 etiam
1205 699 1215 713 ‚
1234 675 1275 707 et
1297 668 1410 722 quod
1433 676 1496 708 est

140 739 342 795 amplius,
372 739 651 793 Imperatores
670 770 680 785 ,
717 735 820 777 fides
861 744 996 776 vestra
1029 737 1239 792 pulsatum
1279 751 1350 777 vos
1380 737 1493 777 enim

139 808 285 865 cogitis
305 840 312 855 ,
338 808 369 848 si
391 807 562 863 jubetis.
582 805 853 848 Constantius
872 813 1056 861 augustae
1070 805 1282 847 memoriae
1299 806 1492 847 nondum

138 878 264 919 sacris
282 877 467 918 initiatus
485 876 695 933 mysteriis
712 909 721 923 ,
744 875 1022 917 contaminari
1047 890 1089 916 se
1111 875 1298 932 putavit,
1325 876 1356 916 si
1380 889 1493 915 aram

139 948 251 989 illam
279 948 453 989 videret.
475 947 605 988 Jussit
628 946 782 988 auferri
798 978 807 994 ‚
831 960 919 987 non
935 945 1057 1001 jussit
1075 946 1233 1001 reponi.
1269 946 1376 987 Illud
1402 960 1494 986 auc-

140 1020 349 1061 toritatem
370 1018 467 1060 facti
493 1018 644 1065 habet,
669 1017 753 1059 hoc
778 1017 977 1073 praecepti
1006 1032 1088 1057 nou
1113 1016 1252 1058 habet.

196 1088 378 1132 XXXV.
411 1087 545 1131 Nemo
570 1088 648 1130 sibi
693 1086 743 1128 de
783 1087 967 1128 absentia
1010 1086 1262 1127 blandiatur.
1307 1086 1493 1127 Praesen·

140 1161 220 1202 tior
242 1168 328 1206 est.
353 1160 424 1215 qui
452 1174 494 1200 se
517 1158 665 1200 animis
697 1158 868 1205 inserit,
900 1172 1028 1213 quam
1056 1158 1125 1213 qui
1145 1158 1276 1198 oculis
1294 1166 1495 1213 protesta-

142 1238 223 1271 tur.
239 1230 334 1287 Plus
348 1229 458 1270 enim
479 1237 541 1270 est
559 1241 698 1270 mente
716 1227 933 1275 connecti,
951 1242 1076 1283 quam
1094 1242 1269 1285 corpore
1288 1227 1492 1283 copulari.

145 1300 412 1358 l'os3se11at11s
436 1300 614 1355 cogendi
639 1298 807 1340 concilii
826 1299 1023 1354 praesules
1043 1298 1196 1346 hahet,
1228 1298 1345 1339 vobis
1371 1298 1454 1339 coit
1481 1313 1489 1337 :

144 1369 262 1411 vobis
281 1369 586 1410 conscientiam
612 1383 729 1410 suam
745 1400 756 1416 ,
774 1382 858 1409 non
893 1367 970 1408 diis
992 1368 1179 1424 gentium
1200 1376 1368 1425 praestat
1390 1383 1398 1408 :
1424 1383 1495 1407 vos

140 1440 282 1482 liberis
308 1440 416 1487 suis,
439 1454 523 1480 non
549 1446 691 1480 tamen
714 1437 812 1480 fidei
832 1452 915 1478 suae
938 1437 1118 1494 praefert.
1144 1439 1241 1479 Haee
1269 1446 1330 1479 est
1354 1437 1494 1479 chari-

144 1519 201 1552 tas
223 1511 479 1567 expetenda,
504 1510 593 1551 haec
619 1518 681 1551 est
712 1508 894 1550 charitas
935 1507 1071 1564 major
1093 1509 1292 1566 imperio,
1328 1509 1360 1550 si
1391 1507 1494 1549 fides

140 1590 229 1623 tuta
253 1582 320 1629 sit,
342 1596 433 1636 quae
457 1589 594 1621 servat
618 1579 857 1636 imperium.

198 1651 400 1694 XXXVI.
436 1651 517 1693 Sed
537 1651 711 1692 sortasse
736 1651 915 1708 aliquem
942 1660 1108 1693 moveat
1131 1652 1184 1693 ita
1204 1649 1493 1693 fidelissimum

141 1723 383 1779 principem
404 1723 651 1764 destitutum
665 1723 699 1776 (1
716 1722 797 1770 15l;
814 1722 991 1779 proinde
1009 1723 1124 1779 quasi
1139 1722 1385 1775 meritorum
1400 1737 1499 1778 pre-

144 1793 249 1835 tium
272 1793 442 1860 caQis
471 1793 703 1834 aestimetur
743 1793 1036 1850 praesentium.
1063 1793 1168 1844 Quis
1199 1793 1310 1834 enim
1333 1793 1497 1849 sapiens

142 1863 287 1904 nonin
311 1863 414 1904 orbe
432 1864 616 1919 quodam
635 1871 759 1918 atque
778 1863 959 1905 circuitu
977 1864 1112 1905 locata
1128 1863 1407 1905 humanarum
1430 1880 1496 1905 re-

142 1949 236 1975 rum
274 1934 388 1975 novit
419 1934 608 1990 negotia3
649 1934 744 1990 quia
770 1949 854 1977 non
888 1936 1057 1976 eosdem
1082 1950 1249 1992 semper
1277 1950 1496 1977 successus

143 2002 301 2045 habent
320 2018 329 2044 :
350 2005 423 2044 sed
450 2003 611 2044 variant
633 2012 788 2051 status,
815 2013 856 2046 et
875 2012 1040 2046 mutant
1064 2004 1210 2047 vices?

201 2073 570 2126 XXXVII.Quem
583 2075 814 2116 beatiorem
832 2075 962 2116 Cneio
978 2075 1177 2131 Pompeio
1193 2075 1380 2118 Romana
1398 2085 1497 2118 tem-

143 2146 209 2202 pla
232 2144 465 2187 miserunt?
487 2144 540 2186 At
559 2145 591 2186 is
606 2160 704 2186 cum
724 2145 856 2187 tribus
870 2145 1095 2202 triumphis
1115 2154 1320 2187 terrarum
1348 2147 1501 2189 cinxis-

144 2222 206 2256 set
222 2216 368 2256 orbem
388 2246 398 2262 ‚
430 2215 573 2271 pulsus
602 2214 711 2262 acie,
752 2215 861 2256 bello
901 2214 1130 2272 profugus,
1157 2223 1197 2256 et
1222 2217 1285 2257 sui
1309 2217 1498 2259 terminis

143 2285 240 2326 exul
267 2283 459 2341 imperii,
494 2284 680 2340 Canopei
704 2300 833 2326 manu
857 2284 1053 2342 spadonis
1078 2285 1295 2327 occubuit.

195 2352 586 2405 XXXV111.Quem
598 2354 849 2396 nobiliorem
863 2354 973 2411 Cyro
985 2355 1203 2396 Persarum
1217 2355 1501 2398 totiusOrien-

143 2425 195 2468 tis
213 2433 334 2467 terrae
355 2439 498 2481 regem
527 2425 765 2467 dederunt?
791 2427 828 2467 Is
857 2441 1026 2483 quoque
1055 2441 1152 2468 cum
1192 2426 1402 2483 principes
1427 2442 1499 2483 po-

145 2494 401 2538 tentissimos
425 2495 689 2537 adversantes
711 2496 898 2545 vicisset,
914 2497 1047 2539 victos
1065 2506 1333 2545 reservasset,
1354 2498 1497 2539 mulie-

144 2566 293 2609 bribus
317 2565 441 2609 armis
458 2566 573 2609 susus
601 2566 771 2609 interiit.
791 2567 843 2610 Et
867 2567 935 2611 ille
946 2583 1033 2618 rex,
1051 2567 1122 2625 qui
1141 2575 1356 2626 superatos
1371 2568 1498 2611 etiam
