1774 3158
234 263 318 313 460
782 277 813 304 s.
854 278 1044 307 Amnnosn

235 354 327 401 dro,
351 368 448 395 cum
469 369 567 396 eum
595 354 762 410 juberet
791 357 907 413 sequi
931 372 940 398 ε
962 358 1055 409 Qua
1072 371 1156 404 me,
1182 358 1332 415 inquit.
1359 359 1483 401 laude
1500 360 1586 417 dig-

234 437 336 464 num
360 422 566 466 Graeciam
588 433 732 482 petere
755 426 915 482 poscis,
942 427 978 468 si
1002 442 1170 483 possum
1198 429 1289 483 cogi
1312 428 1452 470 facere
1472 431 1584 485 quod

233 492 361 534 licio?
388 494 437 535 Et
460 509 557 536 vere
583 496 729 551 plenus
753 496 1013 538 auctoritatis
1036 511 1190 544 serm0,
1221 498 1291 538 sed
1315 499 1443 555 magis
1467 513 1583 540 meus

232 563 353 618 plena
377 564 594 606 libertatis.
617 565 813 622 Denique
837 575 878 609 et
900 567 1120 624 epistolam
1144 567 1308 624 scripsit
1336 582 1344 608 :

677 712 857 755 Calamis
884 713 1137 755 Alexandro.

292 846 474 890 XXXV.
504 866 519 886 α
534 847 668 890 Amici
688 849 943 904 persuadent
965 849 1040 890 tibi
1058 863 1205 890 manus
1230 856 1269 890 et
1290 849 1584 891 necessitatem

234 917 387 959 inferre
416 918 619 959 Indorum
651 918 927 974 philosophis,
957 934 1034 960 nec
1063 919 1103 959 in
1136 918 1292 960 somnis
1319 919 1490 974 quidem
1522 919 1583 960 vi-

231 989 377 1028 dentes
407 996 547 1029 nostra
576 1002 716 1044 opera.
748 988 933 1044 Corpora
957 989 1069 1029 enim
1094 989 1317 1030 transferes
1341 990 1391 1030 de
1416 989 1510 1030 loco
1534 990 1585 1031 ad

230 1057 370 1099 locum
390 1057 571 1098 :animas
596 1073 680 1099 non
704 1073 827 1114 coges
851 1058 1001 1106 facere,
1025 1059 1138 1114 quod
1160 1060 1327 1106 nolunt,
1349 1074 1430 1100 non
1455 1059 1585 1115 magis

232 1142 356 1182 quam
380 1142 474 1169 saxa
497 1136 538 1168 et
561 1127 668 1184 ligna
694 1142 839 1169 vocem
866 1128 1071 1169 emittere.
1098 1129 1302 1170 Maximus
1327 1129 1430 1185 ignis
1451 1130 1585 1170 viven-

228 1196 341 1238 tibus
364 1197 613 1254 corporibus
633 1198 821 1239 dolorem
847 1198 992 1247 inurit,
1017 1207 1058 1240 et
1081 1199 1212 1255 gignit
1235 1199 1548 1255 corruptionem
1572 1215 1581 1240 :

229 1281 353 1322 super
375 1267 487 1308 hunc
512 1282 586 1308 nos
609 1283 780 1316 sumus3
806 1269 989 1309 viventes
1013 1269 1125 1309 enim
1149 1269 1378 1310 exurimur.
1408 1269 1497 1311 Non
1522 1278 1586 1312 est

230 1352 316 1384 rex,
349 1352 484 1393 neque
516 1338 725 1394 princeps,
759 1333 829 1394 uui
857 1348 1105 1395 extorqueat
1131 1340 1250 1381 nobis
1282 1340 1437 1387 facere.
1469 1341 1583 1396 quod

228 1423 312 1449 non
337 1409 644 1464 proposuimus.
669 1409 754 1451 Nec
779 1410 932 1450 similes
957 1424 1100 1451 sumus
1124 1410 1296 1451 Graeciae
1314 1410 1582 1467 philosopho-

229 1493 340 1527 rum,
368 1479 437 1534 qui
462 1479 585 1520 verba
615 1495 690 1535 pro
718 1480 843 1521 rebus
872 1479 1060 1521 meditati
1086 1488 1184 1521 sunt
1211 1481 1262 1521 ad
1287 1481 1496 1537 opinionis
1519 1496 1584 1522 ce-

229 1548 466 1590 lebritatem
488 1564 497 1589 ε
520 1549 638 1590 nobis
672 1565 735 1590 res
769 1550 892 1591 sociae
923 1551 1084 1596 verbis,
1115 1559 1156 1591 et
1184 1551 1308 1591 verba
1341 1552 1466 1592 rebus
1488 1566 1496 1591 :
1518 1567 1582 1592 res

229 1619 409 1665 celeres,
447 1627 488 1658 et
528 1633 743 1659 sermones
778 1619 925 1660 breves
950 1636 958 1658 :
985 1619 1023 1660 in
1061 1620 1215 1661 virtute
1252 1620 1373 1661 nobis
1411 1621 1581 1662 libertas

230 1688 350 1729 beata
373 1697 446 1730 est.
466 1707 479 1727 n

286 1758 484 1800 XXXVI.
522 1758 725 1800 Praeclara
745 1759 887 1807 verba,
908 1761 980 1801 sed
1000 1760 1126 1802 verba
1144 1776 1152 1801 :
1170 1763 1367 1818 praeclara
1389 1772 1581 1804 constan-

229 1828 298 1877 tia,
325 1831 397 1870 sed
417 1829 489 1870 viri
511 1844 519 1870 τ
543 1831 740 1886 praeclara
759 1831 951 1886 epistola,
982 1833 1055 1873 sed
1077 1832 1332 1889 philosophi.
1357 1834 1480 1890 Apud
1506 1848 1582 1876 nos

226 1907 365 1940 autem
387 1907 426 1940 et
451 1899 599 1955 puellm
623 1901 673 1941 de
696 1900 842 1942 mortis
866 1903 1106 1958 appetentia
1135 1903 1336 1944 sublimes
1369 1919 1501 1961 usque
1531 1906 1582 1948 ad

224 1970 377 2011 coelun]
410 1984 582 2011 erexere
616 1969 818 2011 virtutum
854 1973 1022 2027 gradus.
1064 1971 1177 2023 Quid
1216 1973 1441 2022 Theclam,
1477 1975 1578 2030 quid

223 2039 401 2097 Agnem,
429 2039 530 2095 quid
554 2040 758 2097 pelagiam
782 2042 945 2097 loquar,
962 2056 1054 2098 quae
1080 2047 1277 2098 tanquam
1299 2043 1454 2086 nobilia
1477 2045 1582 2086 vitu·

221 2109 376 2150 lamina
400 2109 653 2165 pullulantes
671 2142 681 2156 ,
713 2110 765 2151 ad
796 2119 977 2152 mortem
1002 2112 1119 2167 quasi
1141 2113 1193 2153 ad
1216 2113 1579 2157 immortalitatem

218 2179 550 2221 festinaverunt?
584 2180 695 2221 Inter
728 2180 872 2223 leones
901 2181 1016 2238 virgo
1048 2183 1262 2232 exultavit,
1298 2192 1340 2225 et
1368 2185 1580 2242 rugientes

219 2251 372 2292 bestias
412 2251 614 2307 spectavit
647 2251 867 2309 intrepida.
910 2253 960 2294 Et
990 2262 1032 2293 ut
1067 2263 1207 2294 nostra
1241 2269 1338 2296 cum
1375 2255 1577 2298 Indorum

220 2321 577 2378 gymnosophistis
594 2322 876 2371 conseramus,
897 2324 1010 2379 quod
1029 2324 1097 2365 ille
1118 2325 1252 2365 verbis
1276 2326 1476 2380 gloriatus
1496 2337 1576 2377 est,

223 2399 390 2432 sanctus
412 2390 660 2432 Laurentius
681 2391 798 2434 sactis
816 2393 1033 2449 probarim
1057 2404 1100 2435 ut
1119 2395 1232 2436 vivus
1250 2406 1514 2446 exureretur,
1536 2407 1578 2440 et

221 2461 402 2504 flammis
425 2470 633 2517 superstes
656 2462 816 2504 (liceret
838 2478 847 2504 ε
872 2463 996 2506 Versa
1014 2497 1023 2512 ,
1049 2467 1273 2508 manduca.
1302 2467 1420 2509 Haud
1446 2469 1576 2524 dege-

222 2546 296 2572 ner
328 2530 722 2581 Abrahamidarum,
750 2541 791 2574 et
813 2533 1151 2576 Machabaeornm
1185 2544 1450 2578 concertatus
1478 2553 1577 2594 pue-

221 2614 389 2648 rorum,
425 2615 607 2658 quorum
642 2602 709 2645 alii
742 2617 867 2660 super
903 2603 1093 2647 flammas
1127 2605 1442 2649 cauebanttalii
1479 2621 1576 2650 cum
