1774 3158
1394 233 1410 241 >a

375 249 424 273 Dr:
459 247 550 272 1³11)ss
583 244 946 278 RESURRECUOMS,
984 247 1059 273 Lm.
1100 247 1141 272 11.
1391 245 1441 288 07

103 333 286 367 extrema
306 323 452 365 habilis
469 321 750 363 maturandis:
765 321 885 362 nobis
903 336 1069 378 quoque
1087 323 1234 365 mundi
1253 338 1444 367 eonsum-

103 394 230 436 matio
258 403 456 450 tanquam
481 400 690 433 extremus
720 390 817 432 anni
846 389 939 432 finis
964 395 1277 435 accommodam
1311 409 1445 436 resur*

103 464 226 521 gendi
264 461 514 520 praescripsit
555 468 731 502 aetatem.
772 460 825 502 Et
859 461 967 502 hene
1005 461 1046 502 in
1084 464 1443 507 consummatione

105 533 248 574 mund?
265 532 516 574 resurrectio
532 539 796 572 mortuorum
808 539 895 578 est3
917 545 969 571 ne
987 539 1078 586 post
1094 534 1445 576 resurrectionem

105 604 145 644 in
180 603 259 644 hoc
297 603 452 644 malum
486 601 605 643 nobis
639 609 745 643 esset
783 601 981 642 saeculum
1022 602 1310 644 recidendum.
1347 605 1446 647 Ideo

106 673 214 714 onim
242 672 430 714 Christus
455 681 517 714 est
537 687 702 729 passus,
733 679 779 713 ut
802 687 877 714 nos
907 688 958 714 ex
988 673 1066 714 hoc
1089 675 1198 714 malo
1223 676 1375 715 saeculo
1398 675 1447 715 li-

107 747 290 791 berarem
307 758 357 784 ne
373 744 523 784 iterum
535 758 610 785 nos
628 742 754 800 hujus
770 743 913 785 saeculi
930 752 1186 785 tentamenta
1200 745 1451 786 subruerent

106 810 145 857 et
169 815 332 856 obesset
353 815 532 864 renasci,
557 815 589 856 si
616 829 934 856 renasceremur
958 816 1009 856 ad
1036 816 1217 872 culpam.

163 885 311 928 LXIII.
353 885 404 927 Et
436 886 641 927 rationem
673 885 799 941 igitur
830 886 1147 929 resurrectionis
1169 920 1179 936 ,
1215 896 1255 929 ot
1286 896 1451 945 tempus

108 966 297 998 tenemus
323 972 331 997 ε
356 956 560 998 raLionem
579 989 590 1005 ,
622 956 718 1012 quia
744 955 784 996 in
819 956 1015 998 omnibus
1046 957 1124 998 sibi
1149 956 1316 999 soetibus
1337 973 1454 1014 aeque

109 1035 254 1069 natura
277 1028 526 1084 respondet,
559 1042 636 1068 nec
666 1025 706 1068 in
736 1028 822 1068 sola
848 1026 1068 1069 hominum
1091 1028 1358 1070 successione
1381 1029 1454 1070 de-

108 1109 277 1158 generat
303 1116 311 1142 :
341 1110 504 1157 tempus
528 1133 539 1150 ,
576 1100 671 1156 quia
700 1100 840 1141 omnia
869 1100 911 1141 in
945 1099 1041 1141 anni
1073 1098 1157 1141 fine
1185 1109 1451 1158 generantur.

108 1171 253 1215 Mundi
277 1180 463 1228 tempora
486 1185 617 1212 annus
651 1185 756 1212 unus
782 1179 856 1213 est.
893 1171 945 1232 Et
965 1171 1067 1226 quid
1090 1171 1245 1213 mirum
1269 1172 1300 1213 si
1325 1187 1456 1213 annus

112 1259 217 1286 unus
242 1253 327 1292 est,
362 1244 529 1300 quando
559 1243 645 1284 dies
674 1257 756 1283 una
783 1241 873 1284 est?
902 1243 991 1284 Una
1019 1243 1130 1285 enim
1160 1244 1226 1285 die
1253 1244 1459 1285 Dominus

111 1315 323 1370 operarios
355 1313 557 1354 conduxit
579 1314 632 1354 ad
659 1312 821 1354 vineam
839 1346 849 1362 ‚
883 1313 1026 1355 dicens
1053 1328 1094 1354 ιιι
1118 1314 1232 1366 Quid
1255 1315 1324 1356 hic
1345 1315 1460 1358 statis

113 1403 126 1424 »
143 1393 227 1426 tota
251 1384 316 1426 die
339 1383 485 1425 otiosi¹
505 1383 549 1423 Ρ»
954 1432 957 1435 ,

171 1455 265 1498 LXI
277 1455 315 1497 V.
357 1454 501 1496 Causae
523 1454 729 1511 originum
757 1454 916 1496 semina
941 1464 1050 1497 sunt.
1080 1455 1233 1498 Semen
1254 1472 1344 1499 esse
1366 1472 1462 1499 cor-

112 1542 188 1583 pus
221 1525 454 1567 humanum
486 1524 674 1582 gentium
704 1525 863 1566 Doctor
885 1525 1103 1568 asseruit2.
1135 1527 1208 1569 Est
1239 1543 1338 1585 ergo
1362 1529 1464 1570 suh-

114 1598 262 1640 stantia
285 1596 554 1653 resurgendi,
585 1596 752 1651 quando
775 1604 837 1638 est
862 1596 988 1638 series
1011 1597 1259 1640 seminandi.
1288 1599 1413 1650 Quod
1432 1600 1464 1641 si

114 1667 344 1710 substantia
368 1675 438 1708 aut
459 1681 582 1708 causa
600 1681 683 1707 non
707 1674 835 1715 esset,
861 1668 1038 1709 arduum
1060 1668 1279 1724 quisquam
1300 1677 1467 1725 putaret

114 1739 201 1781 Deo
219 1739 329 1779 unde
345 1739 490 1785 vellet,
511 1737 576 1778 vel
593 1738 808 1794 quomodo
827 1739 965 1786 vellet,
986 1739 1177 1780 homines
1196 1754 1462 1796 regenerare,

116 1808 186 1864 qui
204 1808 409 1848 mundum
426 1821 475 1847 ex
492 1807 604 1847 nulla
622 1806 795 1848 materia
811 1840 821 1855 ‚
841 1808 953 1849 nulla
973 1808 1203 1849 substantia
1222 1823 1311 1850 esse
1328 1808 1463 1863 jussit,

117 1886 157 1919 et
180 1877 312 1918 sactus
335 1875 427 1917 est?
451 1875 614 1916 Coelum
652 1875 790 1932 aspice
809 1910 818 1924 ‚
851 1885 1005 1919 terram
1033 1877 1209 1919 intuere.
1236 1879 1354 1919 Unde
1375 1879 1468 1920 stel-

117 1949 252 1990 larum
269 1947 385 2003 ignes
400 1946 418 1987 ¹?
435 1947 547 1987 unde
568 1946 681 1987 orbis
700 1946 796 1988 solis
815 1954 856 1987 et
877 1947 1007 1988 radii?
1026 1948 1139 1989 uude
1156 1948 1265 1988 lunae
1289 1947 1468 2003 globus?

117 2018 228 2059 unde
250 2016 456 2058 montium
477 2015 654 2057 vertices
672 2049 683 2064 ,
713 2016 816 2058 dura
837 2032 1034 2059 saxorum
1058 2049 1066 2063 ‚
1088 2033 1306 2059 nemorosa
1330 2018 1469 2075 sylva-

119 2103 212 2129 rum
227 2087 244 2128 ?
258 2088 369 2129 unde
384 2087 448 2127 vel
466 2085 641 2127 diffusus
660 2089 747 2135 ae'r,
767 2087 990 2129 velinfusae
1008 2087 1311 2145 velsupersusae
1328 2089 1472 2145 aquae?

120 2158 203 2201 Sed
225 2157 258 2199 si
283 2157 369 2198 hcec
391 2156 531 2197 omnia
550 2155 662 2197 Deus
681 2156 780 2198 fecit
802 2172 852 2198 ex
876 2157 1022 2207 nihilo,
1043 2175 1058 2196 «
1081 2157 1195 2215 (Ipse
1217 2159 1330 2201 enim
1353 2159 1469 2207 dixit,

120 2238 191 2271 »et
211 2228 319 2270 sacta
343 2235 468 2269 sunt:
488 2225 576 2282 ipse
597 2227 834 2275 mandavit,
860 2236 900 2270 et
927 2236 1067 2270 creata
1096 2229 1215 2270 sunt³
1234 2231 1276 2287 )»
1291 2245 1367 2272 cur
1390 2231 1466 2271 mi-

121 2314 262 2340 remur
291 2296 451 2338 renasci
473 2310 616 2354 posse,
644 2298 758 2353 quod
785 2297 934 2347 fuerit3
962 2313 1060 2341 cum
1085 2299 1300 2342 videamus
1328 2309 1472 2342 nalum

121 2383 210 2410 csse
225 2400 236 2416 ‚
261 2368 373 2424 quod
394 2381 479 2409 non
496 2366 601 2409 fuit?

180 2437 306 2481 LXV.
353 2439 463 2480 Illud
494 2438 680 2488 mirum,
714 2440 827 2496 quod
861 2454 959 2482 eum
1000 2441 1354 2483 resurrectionem
1392 2457 1475 2483 non

125 2510 300 2551 credant
320 2508 444 2565 (20),
468 2517 609 2552 tamen
625 2525 677 2552 ne
694 2526 825 2568 genus
847 2520 992 2568 pereat
1009 2511 1252 2561 hominum,
1274 2512 1470 2557 elementi

172 2598 180 2612 ¹
203 2589 319 2622 Mani).
335 2600 388 2627 xx,
404 2590 434 2621 6.
455 2608 494 2614 —
515 2598 528 2612 ⁸
548 2601 558 2622 ι
580 2591 656 2621 Cor.
680 2601 731 2630 xv,
751 2591 802 2628 42.
825 2609 865 2615 —
884 2593 898 2615 ³
916 2592 998 2625 Psal.
1020 2594 1201 2627 chv111.5.
