1774 3158
279 248 360 298 241
817 254 848 283 S.
888 255 1077 283 AMBROSH

330 335 534 380 Eusebius
555 332 775 390 episcopus
800 333 902 375 dixit
929 349 938 376 ε
964 333 1116 375 Filium
1157 333 1231 375 Dei
1260 333 1394 376 Deum
1418 335 1620 390 aequalem

273 409 466 451 dicimus.

326 477 534 521 Palladius
558 475 684 516 dixit:
703 474 764 515 Tu
788 473 914 529 judex
934 489 976 515 es
993 507 1002 522 ,
1032 473 1089 515 tui
1113 483 1357 531 exceptores
1381 475 1450 516 hic
1469 485 1580 517 sunt.

325 546 573 590 Ambrosius
606 545 826 602 episcopus
853 543 1193 585 dixitkScribant
1224 544 1309 592 tui,
1355 545 1425 600 qui
1454 547 1614 588 volunt.

325 617 505 662 XXXV.
542 615 753 658 Palladius
777 615 880 656 dixit
904 630 912 654 τ
939 616 1062 655 Pater
1086 614 1224 670 major
1245 623 1332 664 est,
1359 630 1409 657 an
1434 616 1547 658 non?

323 689 530 732 Eusebius
546 686 767 743 episcopus
783 685 911 726 dixit:
934 684 1177 726 Secundum
1194 685 1460 727 Divinitatem
1480 701 1620 743 aequa·

263 761 311 803 lis
329 768 390 802 est
407 759 536 801 Filius
557 756 683 798 Patri.
713 756 849 797 Habes
875 755 912 795 in
934 754 1158 810 Evangelio
1179 756 1291 810 quod
1312 754 1447 797 Judaei
1477 771 1620 813 perse-

263 831 502 888 quebantur
522 842 618 869 eum
636 843 646 873 ;
666 825 760 881 quia
786 840 869 866 non
894 825 1030 865 solum
1062 825 1252 867 solvebat
1274 825 1521 874 sabbatum,
1547 828 1619 869 sed

259 911 300 943 et
315 901 481 943 Putrem
512 913 633 940 suum
664 896 830 938 dicebat
853 895 1014 945 Deum,
1029 896 1235 951 {equalem
1257 912 1300 937 se
1320 896 1477 939 faciens
1491 897 1614 940 De0¹.

259 970 387 1022 Quod
407 984 506 1025 ergo
529 966 644 1023 impii
665 974 962 1022 persequentes
986 965 1164 1006 confessi
1184 974 1282 1007 sunt
1300 1000 1308 1014 ,
1340 981 1414 1007 nos
1437 967 1617 1008 creden-

259 1049 322 1082 tes
350 1055 504 1096 negare
526 1053 610 1080 non
630 1051 864 1093 possumus.

317 1109 565 1152 Ambrosius
599 1107 822 1163 episcopus
847 1104 1039 1146 dixitAEt
1063 1104 1160 1145 alibi
1187 1104 1316 1146 habes
1341 1120 1383 1146 :a
1405 1106 1488 1157 Qui
1519 1121 1614 1150 cum

257 1189 395 1223 »essct
419 1180 459 1221 in
483 1179 614 1220 forma
639 1176 735 1224 Dei,
773 1191 858 1217 non
890 1175 1078 1231 rapinam
1108 1175 1336 1218 arbitratus
1365 1186 1426 1219 est
1462 1193 1550 1219 esse
1574 1195 1616 1220 se

256 1272 270 1292 n
285 1253 488 1308 aequalem
523 1250 637 1296 Deo;
660 1249 732 1289 sed
756 1247 1028 1303 semetipsum
1043 1246 1296 1295 exinanivit,
1317 1248 1491 1290 formam
1509 1250 1615 1291 servi

256 1341 271 1361 ι
286 1322 496 1378 accipiens
510 1353 520 1368 ‚
537 1321 576 1360 iu
596 1317 914 1359 similitudinem
933 1316 1155 1358 hominum
1174 1317 1309 1359 sactus
1332 1318 1533 1361 obediens
1552 1335 1621 1361 us-

252 1415 268 1433 »
284 1408 364 1451 que
382 1394 433 1434 ad
458 1389 679 1433 1n0rtem2.
698 1409 711 1427 n
727 1389 779 1430 Et
803 1388 962 1429 addidit
984 1387 1140 1430 :Vides
1163 1389 1258 1444 quia
1285 1389 1326 1430 in
1370 1389 1503 1431 forma
1540 1391 1614 1432 Dei

252 1464 421 1521 aequaiis
443 1460 628 1504 est?«Et
649 1459 827 1501 formam
848 1491 856 1506 ,
883 1459 1046 1514 inquit,
1073 1459 1180 1500 servi
1200 1459 1402 1516 accepist
1426 1479 1441 1499 »
1465 1461 1511 1502 In
1531 1476 1614 1517 quo

253 1550 351 1592 ergo
364 1533 503 1575 minor
521 1530 604 1572 est?
631 1529 878 1571 Secundum
898 1528 1075 1570 formam
1100 1529 1244 1585 utique
1263 1529 1391 1577 servi,
1411 1545 1493 1571 non
1519 1531 1606 1573 Dei.

306 1603 516 1646 Eusebius
533 1601 754 1658 episcopus
783 1599 1043 1641 dixit:Sicut
1059 1599 1098 1640 in
1117 1599 1249 1640 forma
1275 1600 1380 1641 servi
1404 1600 1612 1642 constitu-

250 1685 341 1728 tus,
365 1673 537 1716 inferior
556 1686 675 1714 servo
690 1686 774 1712 non
798 1670 875 1711 suit
894 1670 973 1712 :ita
1000 1670 1044 1712 iu
1083 1669 1216 1712 forma
1233 1670 1308 1712 Dei
1333 1671 1585 1714 constitutus
1600 1705 1611 1721 ,

249 1746 422 1789 inferior
445 1744 532 1786 Deo
552 1758 640 1785 esse
660 1757 743 1783 non
766 1741 917 1798 potuit.

305 1813 507 1858 XXXVI.
545 1813 794 1855 Ambrosius
825 1812 1049 1868 episcopus
1072 1809 1300 1853 dixit:Aut
1323 1811 1391 1854 dic
1419 1811 1517 1869 quia
1542 1827 1610 1853 se-

246 1887 434 1929 cundum
453 1885 724 1926 Divinitatem
747 1883 885 1923 minor
907 1890 971 1923 est
992 1881 1123 1923 Filius
1145 1882 1233 1923 Dei.

302 1956 512 1999 Palladius
537 1954 638 1996 dixit
660 1969 668 1994 :
694 1954 817 1995 Pater
841 1951 976 2008 major
994 1961 1068 1994 est.

304 2025 554 2070 Ambrosius
572 2025 793 2080 episcopus
814 2023 915 2064 dixit
939 2037 947 2063 :
969 2022 1213 2064 Secundum
1239 2037 1426 2063 carnem.

302 2096 512 2139 Palladius
537 2094 641 2136 dixit
663 2109 671 2135 :
691 2112 705 2131 α
721 2093 805 2144 Qui
828 2107 897 2134 me
924 2092 1062 2140 misit,
1089 2091 1226 2148 major
1243 2100 1306 2133 est
1330 2092 1420 2134 me⁶
1437 2124 1448 2140 ,
1469 2110 1483 2131 η
1501 2092 1607 2134 Caro
1644 2128 1650 2135 ,

244 2167 370 2209 missa
393 2173 456 2207 est
481 2180 500 2206 a
523 2164 634 2211 Deo,
662 2171 734 2205 aut
755 2163 886 2204 Filius
904 2161 1014 2203 Dei?

299 2233 550 2277 Ambrosius
565 2229 789 2289 episcopus
804 2231 930 2273 dixit:
949 2231 1137 2273 Falsaria
1155 2231 1269 2272 vobis
1285 2231 1444 2272 divinas
1464 2230 1606 2288 Scrip-

245 2315 358 2348 turas
377 2304 502 2346 hodie
519 2302 861 2359 comprobanms;
887 2301 945 2342 sic
966 2301 1076 2342 enim
1095 2301 1299 2357 scriptum
1325 2309 1387 2342 est
1408 2315 1416 2340 ε
1435 2301 1604 2342 «Pacem

245 2391 411 2418 »meam
441 2376 492 2416 do
518 2373 809 2429 vobis‚pacem
834 2387 968 2413 meam
983 2372 1175 2428 relinquo
1193 2372 1324 2414 vobis.
1348 2371 1438 2414 Non
1465 2372 1606 2413 turbe-

242 2466 257 2486 ι)
275 2455 340 2487 tur
365 2459 438 2486 cor
456 2451 640 2486 vestrum
667 2458 675 2484 :
702 2457 785 2484 non
811 2443 1026 2498 quomodo
1041 2442 1110 2484 hic
1134 2444 1318 2484 mundus
1343 2443 1427 2490 dat,
1453 2457 1530 2497 ego
1549 2442 1604 2484 do

240 2536 256 2556 »
274 2516 403 2558 vobis.
430 2513 472 2555 Si
503 2513 730 2570 diligeretis
745 2529 815 2554 me
832 2545 842 2561 ,
867 2513 1111 2570 gauderetis
1140 2512 1236 2569 quia
1279 2512 1361 2554 dixi
1385 2511 1523 2555 :Vado
1551 2514 1602 2555 ad

284 2616 292 2630 ¹
315 2606 409 2639 Joan.
429 2606 532 2645 v,18.
552 2622 589 2630 -
611 2615 622 2629 ¹
640 2604 760 2647 Philip.
779 2616 812 2642 ιι,
831 2604 859 2635 6.
882 2623 908 2628 -
938 2606 951 2627 3
970 2604 1054 2636 ibid.
1074 2622 1109 2629 —
1133 2606 1144 2632 ⁴
1164 2604 1261 2635 Joan.
1278 2614 1342 2642 xiv,
1370 2614 1423 2645 27.
