1774 3158
291 258 377 312 370
836 268 867 295 s·
909 267 1103 295 ammosa

284 351 360 392 etsi
385 349 589 405 scriptum
627 347 678 389 sit
699 347 812 403 quod
833 347 991 389 Pascha
1022 346 1191 388 Domini
1218 357 1369 403 quarto
1391 347 1557 389 decimo
1580 347 1646 390 die

285 419 438 461 mensis
460 418 580 475 primi
618 417 822 459 celebrari
838 417 986 458 debeat
1003 450 1013 465 ‚
1037 426 1078 457 et
1102 431 1197 457 vere
1224 426 1415 473 quartam
1437 418 1646 459 decimam

283 492 426 532 lunam
443 491 494 530 ad
508 488 804 529 celebrandam
819 486 1038 528 dominicae
1053 485 1200 526 scriem
1217 487 1416 542 passionis
1437 487 1647 543 inquirere

286 561 541 607 debeamus3
565 567 705 600 tamen
723 572 774 599 ex
795 557 875 598 hoc
893 571 1116 614 possumus
1154 556 1384 613 intelligere
1400 590 1409 606 ‚
1450 559 1563 613 quod
1596 558 1649 600 ad

289 631 536 688 hujusmodi
555 628 867 671 solemnitatem
883 629 947 669 vel
973 626 1172 668 Ecclesiae
1196 627 1416 684 perfectio,
1433 630 1499 670 vel
1525 630 1647 670 clarae

289 702 388 744 fidei
409 701 628 759 plenitudo
651 707 879 756 quaeratur,
898 698 1006 739 sicut
1023 697 1358 753 dixitProphcta,
1382 713 1478 739 cum
1495 699 1642 754 ioque-

290 781 408 815 retur
431 773 482 814 de
502 771 608 813 Filio
630 770 721 818 Dei,
737 769 830 825 quia
848 768 1001 810 «Sedes
1021 767 1112 822 cjus
1131 767 1310 809 sicutsol
1335 768 1374 809 in
1409 776 1641 824 conspectu

288 859 428 892 »meo,
456 830 497 884 et
516 842 624 883 sicut
647 843 745 882 luna
769 839 954 896 perfecta
971 872 980 887 ,
1005 839 1045 879 in
1068 847 1271 880 aelernum
1297 839 1527 881 manebffl.
1544 837 1578 878 η’

346 914 393 957 V.
433 914 534 954 Inde
559 921 621 954 est
642 913 755 967 quod
773 920 814 952 et
835 911 921 967 ipse
943 910 1148 951 Dominus
1164 943 1174 957 ,
1195 925 1291 951 cum
1312 925 1438 966 opera
1459 909 1498 951 in
1522 910 1643 951 terris

288 984 481 1026 miranda
501 982 688 1028 fecisset,
703 981 820 1037 quasi
838 980 922 1036 jam
942 979 1114 1021 fundata
1132 980 1412 1022 humanarum
1432 980 1642 1022 mentium

288 1054 386 1102 fide,
411 1062 577 1110 tempus
599 1051 802 1109 passionis
826 1065 916 1091 esse
933 1050 1182 1091 memoravit
1204 1050 1347 1091 dicens
1366 1066 1374 1090 τ
1393 1069 1407 1088 α
1430 1050 1566 1099 Pater,
1579 1065 1644 1092 ve-

284 1124 375 1165 »nit
399 1124 523 1169 hora,
549 1120 732 1164 clarifica
751 1120 904 1163 Filium
925 1127 1074 1167 tuum3
1101 1129 1146 1160 ut
1163 1119 1294 1161 Filius
1323 1129 1417 1161 tuus
1441 1119 1646 1162 clarificet

288 1213 303 1235 n
319 1203 358 1237 te
375 1194 404 1235 ².
423 1215 436 1232 n
453 1195 570 1235 Hanc
583 1193 694 1234 enim
713 1191 980 1233 celebrandae
999 1191 1201 1248 passionis
1224 1191 1516 1232 claritudinem
1533 1206 1644 1246 quae-

289 1264 408 1306 sitam
437 1264 534 1304 alibi
557 1264 680 1304 docet
705 1263 850 1302 dicens
877 1276 918 1302 z«
936 1262 997 1302 Ite
1013 1293 1022 1308 ,
1044 1261 1171 1302 dicite
1191 1261 1249 1301 illi
1271 1260 1382 1316 vulpi
1411 1260 1551 1301 :Ecce
1574 1259 1646 1315 eji-

289 1355 303 1376 »
319 1336 383 1377 cio
403 1334 607 1377 daemonia
628 1333 752 1374 hodie
768 1365 777 1380 ‚
797 1341 838 1374 et
858 1347 950 1374 cras
970 1332 1166 1373 sanitates
1186 1330 1375 1388 perficio,
1394 1339 1434 1372 ct
1455 1331 1646 1386 sequenti

289 1426 304 1447 n
320 1422 593 1449 consummor
611 1404 716 1447 die³.
738 1405 840 1446 »His
866 1403 1011 1460 utique
1048 1411 1368 1444 consummatur
1389 1402 1511 1443 Jesus
1533 1435 1542 1449 ,
1575 1401 1647 1458 qui

287 1477 495 1535 incipiunt
514 1491 602 1518 esse
625 1475 826 1533 persecti3
851 1482 894 1515 ut
918 1473 1226 1530 plenitudinem
1256 1472 1490 1514 Divinitatis
1509 1480 1550 1513 et
1568 1486 1611 1513 re
1630 1496 1644 1504 -

289 1548 542 1607 demptionis
566 1546 657 1603 ejus
682 1545 765 1587 fide
787 1561 860 1586 sua
888 1546 1078 1587 credant.

344 1619 412 1662 Vl.
454 1619 565 1675 Ergo
590 1627 631 1659 et
654 1617 767 1659 diem
792 1624 833 1657 et
871 1615 1016 1656 horam
1036 1615 1321 1670 exquirimus,
1360 1623 1405 1656 ut
1428 1613 1647 1671 Srriptura

286 1707 360 1734 nos
373 1690 556 1733 instruit.
570 1689 780 1745 Propheta
795 1687 920 1728 etiam
937 1686 1069 1727 David
1087 1686 1187 1727 dicit
1205 1701 1214 1726 ε
1232 1686 1434 1743 «Tempus
1449 1685 1645 1735 faciendi,

291 1761 542 1810 momine&
559 1768 734 1817 »petens
760 1758 954 1814 accipere
977 1772 1145 1798 sensum
1166 1756 1217 1797 ad
1240 1757 1535 1814 cognoscenda
1561 1757 1648 1799 Do-

287 1833 391 1876 mini
431 1830 681 1873 testimonia.
717 1830 770 1871 Et
814 1828 1089 1871 Ecclesiastes
1112 1844 1281 1884 quoque
1305 1829 1360 1869 ait
1386 1843 1427 1870 z«
1447 1828 1569 1870 Omni
1589 1826 1648 1868 rei

289 1902 530 1961 ote1n1)1is⁵.
554 1900 813 1943 »Hieremias
838 1901 993 1941 clamat
1015 1915 1024 1939 :
1043 1900 1226 1941 «Turtur
1265 1908 1306 1940 ct
1330 1899 1510 1940 hirundo
1526 1930 1536 1946 ,
1562 1896 1648 1954 agri

291 1995 306 2016 7>
321 1989 508 2033 passeres
527 1979 786 2029 agnoverunt
806 1979 994 2027 tempora
1011 1971 1204 2011 introitus
1219 1969 1320 2011 suifi.
1346 1969 1488 2020 »Quid
1509 1979 1649 2010 autem

294 2045 551 2092 evidentius,
579 2058 703 2100 quam
740 2042 791 2082 de
821 2042 1014 2098 passione
1040 2041 1206 2081 Domini
1232 2040 1392 2082 dictum
1419 2040 1550 2081 videri
1573 2054 1649 2096 po·

291 2122 371 2159 test
392 2131 401 2157 ς
421 2135 435 2152 α
455 2114 634 2172 Agnovit
658 2113 732 2154 bos
755 2126 1036 2168 possessorem
1061 2126 1183 2151 suum
1199 2143 1209 2159 ,
1236 2119 1279 2152 et
1298 2111 1436 2151 asinus
1461 2125 1649 2167 praesepe

293 2186 480 2228 »domini
524 2182 669 2226 sui⁷?»
694 2183 982 2239 Agnoscamus
1005 2195 1104 2235 ergo
1129 2180 1210 2221 hoc
1237 2195 1424 2238 praesepe
1450 2179 1646 2228 Domini,

292 2258 333 2299 in
357 2271 438 2311 quo
463 2255 615 2297 alimur
632 2286 641 2301 ‚
662 2252 875 2309 pascimur
901 2259 942 2292 et
964 2250 1192 2292 reficimur.

354 2327 444 2370 Vll.
481 2326 571 2367 lloc
595 2324 720 2381 igitur
754 2332 916 2379 tempus
941 2321 1150 2378 praecipue
1174 2321 1283 2362 scire
1308 2321 1510 2362 debemus
1529 2353 1539 2369 ‚
1564 2334 1648 2376 quo

297 2414 371 2456 per
393 2397 635 2438 universum
660 2394 804 2434 orbem
830 2407 1012 2433 consona
1032 2407 1159 2432 sacrm¹
1179 2390 1312 2432 noctis
1338 2391 1539 2432 fundatur
1560 2405 1650 2432 ora-

298 2468 480 2527 tio3quia
493 2476 535 2509 et
552 2476 742 2523 tempore
764 2464 1119 2505 commendantur
1143 2477 1304 2520 preces,
1319 2462 1428 2504 sicut
1445 2462 1648 2520 scriptum

340 2580 347 2594 ¹
368 2571 451 2604 Psal.
471 2580 625 2603 Lxxxvui,
653 2567 709 2599 38.
724 2585 764 2590 —
794 2576 804 2589 ⁸
824 2567 922 2598 Joan.
948 2576 1023 2603 xvii,
1057 2576 1085 2597 1.
1103 2584 1142 2589 —-
1162 2567 1175 2589 ³
1195 2567 1272 2597 Luc.
1294 2576 1364 2600 xiu.
1393 2566 1447 2596 32.
1466 2583 1504 2589 —
1527 2563 1641 2598 ⁴Psal.

297 2638 410 2666 cxviii,
428 2625 497 2658 126.
520 2642 558 2648 -—
579 2625 591 2647 ⁵
609 2622 715 2656 Eccle.
736 2631 833 2663 11¹,1.
850 2637 890 2645 —
906 2622 920 2644 ⁶
939 2620 1057 2653 Jerem.
1075 2630 1150 2659 vm,
1164 2631 1197 2662 7.
1212 2637 1253 2644 —
1271 2626 1282 2647 ⁷
1303 2618 1381 2653 Isa'i.
1395 2630 1419 2659 ι,
1432 2619 1465 2653 5.
