1774 3158
348 232 400 274 66
892 246 922 272 s.
963 247 1152 273 AMBssosn

346 321 501 364 mortui
518 335 601 362 non
624 319 880 377 resurgant?
908 321 991 371 Qui
1015 323 1114 364 licet
1137 321 1293 363 mortui
1314 321 1421 375 sint,
1446 330 1584 363 tamen
1617 320 1690 363 ali-

345 392 511 448 quando
529 391 722 432 vixerunt
770 391 1009 432 habuerunt
1042 392 1233 448 spiritum
1267 391 1494 439 sentiendi,
1531 392 1692 432 habue-

346 470 444 503 runt
465 461 570 503 vires
593 461 760 517 agendi;
796 462 1111 518 plurimumque
1139 460 1265 502 refert
1297 476 1424 517 capax
1456 460 1582 501 animi
1609 476 1691 502 non

347 532 492 580 fuisse,
519 540 560 574 et
579 532 818 573 exanimum
842 532 1103 573 remansisse.
1131 531 1329 572 Diabolus
1352 531 1481 572 dixit:
1510 530 1614 572 «Die
1633 531 1694 571 la-

347 603 462 659 »pidi
498 602 622 650 huie,
664 611 709 643 nt
745 602 817 643 fiat
854 602 1011 658 panis¹.
1037 621 1051 639 n
1079 600 1328 650 Confitetur,
1364 601 1538 657 jubente
1570 601 1657 643 Deo
1681 633 1692 648 ,

345 672 532 714 converti
551 687 671 728 posse
688 680 907 719 naturan13
928 679 972 712 tu
996 686 1079 712 non
1107 672 1242 713 credis
1258 704 1268 719 ‚
1291 671 1466 727 jubente
1489 671 1602 719 Deo,
1628 685 1696 711 re-

346 744 518 786 formari
542 758 661 799 posse
686 742 908 783 naturam?

406 813 639 856 LXXXVI.
678 814 738 855 De
767 814 862 855 solis
901 829 1025 854 eursu
1058 813 1236 869 coelique
1267 812 1427 854 ratione
1458 811 1695 869 philosophi

345 886 580 942 disputant,
605 893 644 925 et
669 892 767 925 sunt
795 884 865 940 qui
890 893 1040 941 putant
1066 885 1131 926 his
1161 900 1250 925 esse
1278 885 1562 931 credendum
1599 899 1695 925 cnm

344 955 444 1012 quid
477 957 720 1011 loquantur,
757 954 961 1011 ignorent.
998 955 1142 1011 Neque
1177 954 1287 996 enim
1313 955 1467 995 coelum
1495 955 1696 994 aseende-

348 1034 468 1074 runt,
510 1040 625 1066 axem
661 1025 860 1073 dimensi,
899 1027 1104 1066 mundum
1139 1025 1269 1066 oculis
1298 1024 1546 1081 perseruttti
1576 1033 1693 1071 sunt;

344 1097 441 1153 quia
464 1097 602 1136 nullus
629 1110 775 1135 eorum
804 1110 899 1135 cum
923 1098 1009 1136 Deo
1034 1096 1074 1135 in
1105 1095 1309 1151 principio
1337 1094 1436 1142 suit,
1466 1094 1604 1134 nullus
1629 1108 1698 1134 eo·

344 1183 438 1208 rum
458 1168 508 1207 de
526 1166 613 1206 Deo
633 1165 734 1206 dixit
756 1180 764 1205 :
792 1184 806 1202 ιι
825 1166 930 1206 Cum
950 1175 1115 1222 pararet
1137 1167 1288 1207 coelum
1303 1197 1312 1212 ‚
1338 1179 1434 1206 cum
1458 1165 1545 1221 ipso
1563 1179 1693 1212 eram,

344 1247 416 1280 »et
456 1253 571 1279 eram
599 1252 697 1278 cum
730 1252 778 1278 eo
820 1250 1092 1292 componens,
1136 1250 1212 1292 ego
1250 1250 1364 1276 eram
1399 1236 1466 1276 cui
1513 1236 1698 1292 aggaude

345 1309 484 1351 »bat².
515 1328 528 1347 n
557 1308 599 1349 Si
634 1322 735 1364 ergo
776 1308 852 1349 illis
894 1308 1095 1356 creditur,
1141 1323 1223 1349 non
1260 1307 1446 1349 creditur
1482 1307 1597 1355 Deo,
1628 1307 1698 1362 qui

345 1380 398 1422 uit
419 1395 427 1420 :
455 1399 468 1416 υ
487 1380 858 1430 Quemadmodum
882 1380 1036 1420 coelum
1055 1393 1210 1420 novum
1226 1411 1237 1426 ‚
1258 1386 1298 1418 et
1324 1387 1431 1419 terra
1454 1393 1578 1425 nova,
1605 1392 1694 1432 quae

343 1465 449 1507 »ego
473 1449 580 1490 facio
600 1463 770 1489 manere
796 1463 937 1489 coram
969 1464 1059 1496 me,
1102 1448 1202 1489 dicit
1228 1447 1456 1495 Dominus;
1488 1447 1545 1488 sic
1570 1447 1696 1487 stabit

346 1534 528 1560 unomen
550 1527 757 1566 vestrum,
781 1526 823 1559 et
853 1534 995 1560 semen
1028 1527 1238 1560 vestrum:
1262 1526 1303 1558 et
1334 1517 1413 1558 erit
1445 1517 1598 1559 mensis
1646 1532 1695 1557 ex

344 1609 359 1630 »
375 1605 541 1637 mense,
576 1598 617 1630 et
648 1589 869 1630 sabbatum
902 1604 953 1630 ex
976 1589 1174 1636 sabbat03
1200 1596 1241 1629 et
1264 1588 1400 1629 veniet
1428 1587 1562 1628 omnis
1598 1602 1694 1628 caro

342 1682 357 1700 »
375 1662 415 1702 in
437 1670 669 1717 conspectu
695 1656 788 1700 meo
805 1694 814 1706 ,
840 1670 885 1701 ut
904 1661 1078 1701 adorent
1107 1660 1147 1700 in
1169 1659 1430 1701 Hierusalem
1446 1691 1457 1707 ‚
1482 1659 1584 1700 dicit
1611 1659 1696 1698 Do-

343 1731 513 1790 »minus
540 1731 681 1772 Deus:
707 1739 748 1771 et
771 1730 997 1779 exhibunt,
1030 1739 1072 1771 et
1102 1730 1305 1770 videbunt
1337 1729 1525 1769 membra
1559 1728 1697 1769 homi-²

343 1817 500 1849 »num‚
535 1801 605 1856 qui
629 1801 888 1858 praevaricati
921 1800 1082 1841 suntin
1117 1815 1197 1841 me.
1233 1799 1336 1841 Nam
1372 1798 1521 1840 vermis
1548 1813 1693 1839 eorum

343 1891 359 1911 n
375 1886 458 1913 non
488 1871 707 1919 morietur,
734 1880 775 1912 et
798 1871 902 1928 ignis
925 1887 1071 1913 eorum
1095 1887 1179 1913 non
1205 1871 1486 1928 extinguetur,
1511 1878 1553 1911 et
1573 1877 1696 1910 crunt

341 1962 356 1980 n
373 1942 415 1983 in
439 1949 655 1997 aspectum
681 1941 882 1982 universae
900 1942 1057 1982 carni⁸.
1081 1960 1095 1980 »

402 2012 658 2054 LXXXVII.
697 2012 741 2054 Si
770 2021 880 2053 terra
909 2020 1137 2054 renovatur
1160 2019 1201 2052 et
1228 2010 1403 2058 coelum,
1434 2025 1510 2051 cur
1535 2010 1696 2052 dubite-

345 2099 439 2126 mus
463 2082 676 2124 hominem
699 2098 824 2139 posse
858 2083 1076 2130 renovari,
1106 2090 1277 2139 propter
1304 2097 1429 2138 quem
1452 2089 1561 2123 terra
1588 2081 1694 2123 sacta

347 2165 389 2198 et
410 2156 564 2197 eoelum
589 2153 683 2195 est?
707 2154 748 2195 Si
770 2155 1066 2211 praevaricator
1090 2162 1277 2196 servatur
1311 2155 1361 2195 ad
1396 2168 1562 2210 poenam
1578 2186 1589 2202 ,
1621 2169 1697 2195 eur

347 2227 483 2284 justus
507 2240 591 2266 non
613 2233 888 2282 perpetuatur
909 2226 960 2266 ad
979 2225 1185 2282 gloriam?
1206 2224 1248 2266 Si
1276 2224 1428 2266 vermis
1455 2239 1539 2265 non
1571 2225 1697 2266 mori-

346 2307 415 2339 tur
432 2304 724 2353 peccatorum,
753 2297 1110 2352 quemadmodum
1130 2291 1316 2337 interibit
1339 2309 1436 2336 caro
1457 2294 1696 2351 justorum?

345 2369 444 2410 liaee
471 2375 533 2408 est
553 2367 664 2408 enim
688 2367 967 2415 resurreetio,
991 2367 1099 2409 sicut
1121 2360 1237 2408 i‘erbi
1256 2366 1382 2423 ipsius
1406 2380 1530 2408 sonus
1557 2367 1698 2423 expri-

347 2437 449 2484 mit3
476 2444 521 2477 ut
549 2436 662 2491 quod
687 2438 863 2485 cecidit,
885 2438 964 2479 hoc
987 2445 1198 2494 resurgat:
1224 2437 1337 2493 quod
1363 2445 1578 2478 mortuum
1605 2436 1695 2478 sue-

342 2507 420 2558 rit,
443 2504 673 2549 reviviscat.

390 2598 395 2611 ¹
419 2588 498 2620 Luc.
517 2598 560 2625 lv,
577 2588 610 2620 3.
630 2607 668 2612 —-
685 2596 698 2611 ²
722 2589 814 2621 Prov.
835 2599 908 2628 vni,
936 2599 986 2629 27,
1007 2588 1057 2621 38.
1076 2605 1116 2611 —
1136 2589 1148 2612 ³
1172 2587 1261 2620 Εςὸῑ.
1279 2598 1364 2626 vai,
1379 2592 1410 2620 et
1426 2597 1517 2630 seqq.
