1774 3158
267 221 347 262 268
489 206 497 215 ¹
810 235 842 261 s.
881 233 1072 260 Amnesu

323 309 372 351 V.
412 309 577 350 Scimus
610 310 843 352 clementiae
877 319 1021 352 vestrae
1062 318 1253 352 sanctum
1291 312 1524 367 pudorem3
1561 327 1612 354 ne

265 381 411 422 auditu
444 388 581 421 vestro
613 380 782 437 indigna
812 381 998 438 ingerat,
1034 395 1118 421 non
1153 380 1284 422 aliena
1316 382 1366 423 ab
1401 381 1539 424 officio
1571 390 1614 424 et

264 450 436 492 nomine
469 451 697 493 sacerdotis
730 452 1020 509 interstrepat,
1060 467 1143 493 non
1177 451 1461 494 inverecunda
1496 453 1611 495 vobis

265 520 502 575 loquatur:
541 535 666 576 quem
706 536 803 563 cum
848 522 1006 563 habere
1049 521 1282 578 oportuerit
1325 522 1611 564 testimonium

264 590 389 632 etiam
422 590 472 632 ab
502 589 566 632 his
599 591 670 647 qui
700 591 801 634 soris
835 591 982 639 sunt¹,
1011 591 1123 647 quali
1157 591 1394 633 testimonio
1428 601 1468 633 et
1503 592 1613 634 cives

264 660 422 717 proprii
446 661 657 716 prosecuti
677 669 789 710 suut,
810 662 1035 703 clementia
1053 670 1188 704 vestra
1210 662 1450 704 meminisse
1474 663 1614 719 digne-

267 739 350 771 tur.
395 730 529 772 Pudet
569 731 682 772 enim
722 731 883 784 dicere,
923 731 1256 774 inverecundum
1298 741 1360 774 est
1395 747 1614 774 recensere

227 817 234 832 ἰ
267 814 392 855 quam
419 799 551 856 turpis
570 788 677 841 saina
702 800 792 856 ejus
821 801 1012 843 convicio
1035 801 1298 843 sauciaverit.
1338 801 1434 852 Quo
1467 803 1614 843 saltem

264 870 427 926 pudore
450 870 703 912 constrictus
727 871 1015 913 conticescere
1039 871 1272 919 debuisset3
1307 880 1348 913 et
1379 871 1411 912 si
1440 870 1615 913 baberet

268 941 451 996 aliquam
480 941 782 983 conscientiam
813 943 1042 984 sacerdotis
1059 974 1068 990 ,
1093 957 1241 999 pacem
1262 942 1486 989 Ecclesiae,
1511 956 1615 983 con-

265 1011 538 1067 cordiamque
566 1012 785 1054 ambitioni
815 1028 898 1054 suae
929 1021 969 1055 et
1003 1013 1140 1055 studio
1165 1021 1428 1070 praeoptaret.
1458 1012 1616 1055 Verum

266 1081 390 1137 longe
413 1081 571 1123 alienus
599 1082 650 1123 ab
673 1082 787 1123 omni
808 1082 1086 1130 verecundia,
1117 1098 1192 1139 per
1219 1083 1447 1136 abscissum
1477 1081 1634 1125 homi-;

268 1164 365 1191 nem
386 1150 684 1200 paschasium,
711 1152 953 1210 signiferum
984 1152 1137 1194 furoris
1167 1152 1252 1200 sui,
1278 1151 1412 1193 missis
1440 1151 1614 1198 litteris,

267 1220 366 1262 serit
388 1222 553 1270 turbas,
584 1224 758 1279 gentiles
782 1238 971 1279 quosque
990 1238 1035 1265 ac
1058 1223 1243 1280 perditos
1261 1222 1452 1264 homines
1470 1221 1617 1264 conci-

269 1296 358 1331 tare
380 1300 571 1333 conatur.

325 1361 392 1403 VI.
431 1362 612 1406 Oramus
630 1364 773 1421 igitur,
797 1373 843 1406 ut
866 1364 950 1420 jam
973 1372 1012 1407 et
1030 1365 1185 1422 populo
1203 1365 1409 1412 Romano,
1434 1362 1504 1419 qui
1523 1370 1619 1419 post

266 1431 514 1475 relationem
546 1435 730 1491 praesecti
764 1434 885 1476 Urbis
908 1436 1064 1492 pendet
1092 1435 1298 1483 incertus,
1335 1443 1377 1475 et
1405 1432 1526 1474 nobis
1552 1446 1618 1473 sa-

269 1504 513 1545 cerdotibus
541 1505 811 1547 securitatem
844 1505 1133 1552 interdictam,
1167 1501 1515 1560 importunissimi
1544 1500 1620 1541 ho-

267 1574 391 1616 minis
422 1575 660 1631 abjectione
695 1576 898 1618 tribuatis.
943 1576 1038 1626 Quo
1066 1575 1310 1632 impetrato,
1345 1574 1455 1629 apud
1482 1573 1618 1614 Deum

269 1645 600 1701 omnipotentem
629 1648 820 1694 Patrem,
851 1654 893 1687 et
921 1645 1135 1686 Christum
1159 1652 1200 1685 ct
1226 1643 1454 1685 Dominum
1483 1641 1618 1683 Deum

212 1738 214 1742 ·
265 1716 415 1772 gratias
437 1716 524 1773 jugi
549 1717 866 1771 continuatione
888 1717 1166 1759 celebremus.

311 1827 320 1842 ¹
345 1830 354 1851 ι
377 1819 464 1851 Tim.
483 1831 532 1858 ιιι,
552 1830 584 1861 7.
