1774 3158
449 233 499 259 ΒΕ
533 231 657 259 οηιΤυ
693 231 913 260 'runonosu
946 231 1112 261 onii'rio.
1382 226 1459 279 ¹37

120 323 194 351 sno
222 308 449 366 prael'erunt
482 308 778 365 imperatores,
823 317 864 350 et
898 308 1060 351 Arriani
1093 320 1341 368 potestatem
1370 313 1460 370 ejus

121 380 406 423 imminuunt?

176 451 220 493 L.
257 450 340 492 Sed
367 465 506 507 quaero
531 465 540 491 ε
565 451 706 502 Quare
729 457 919 492 sanctum
956 465 1081 507 snper
1102 452 1267 494 frenum
1286 485 1296 501 ,
1321 454 1400 495 nisi
1419 462 1466 496 ut

125 521 426 578 imperatorum
443 521 709 563 insolentiam
740 520 1005 569 refrenaret¹,
1026 523 1323 578 comprimeret
1343 524 1470 565 licen-

118 591 218 632 tiam
239 599 528 648 tyrannorum,
546 591 615 647 qui
635 590 749 646 quasi
768 590 863 646 eqni
883 590 1128 632 inlibidines
1149 592 1459 642 adhinnirent23

121 662 233 717 quod
249 661 394 703 liceret
414 661 491 702 illis
511 661 713 702 adulteria
740 660 912 716 impune
939 660 1232 702 committere?
1258 661 1362 712 Quae
1382 661 1464 703 Ne-

120 746 269 773 ronum
287 732 389 785 (65),
402 746 491 786 qnae
506 730 810 788 Caligularnm,
826 738 1158 786 caeterorumque
1184 731 1337 787 probra
1356 745 1466 772 com-

120 801 302 857 perimus
319 832 327 844 ,
344 800 496 855 quibus
519 815 603 842 non
622 801 697 842 suit
713 807 906 842 sanctum
929 814 1054 856 super
1075 799 1274 841 frenum?

178 871 242 913 LI.
281 870 394 920 Quid
415 885 513 927 ergo
535 870 647 912 atiud
663 870 747 927 egit
763 870 930 911 Helena:
953 870 1164 926 operatio,
1192 879 1237 912 ut
1270 870 1385 912 frena
1410 870 1470 912 di-

120 940 296 996 rigeret;
321 939 397 981 nisi
415 948 461 981 ut
481 941 675 981 omnihus
700 940 1025 996 imperatoribus
1044 948 1189 981 sancto
1213 940 1354 981 dicere
1377 940 1468 997 Spi-

121 1009 203 1050 ritu
232 1009 444 1050 videretur
465 1025 473 1050 :
492 1009 656 1051 «Nolite
689 1009 778 1051 fieri
802 1009 911 1050 sicut
943 1024 1074 1065 equus
1103 1018 1144 1050 et
1169 1009 1378 1057 mulusffi»
1394 1010 1467 1050 sed

122 1077 163 1119 in
193 1077 310 1119 freno
347 1087 389 1120 et
411 1079 563 1120 chamo
592 1080 781 1121 maxillas
803 1093 949 1120 eorum
976 1078 1307 1134 constringeret„
1334 1078 1404 1133 qui
1426 1092 1469 1118 se

122 1163 205 1189 non
237 1157 513 1205 agnoscerent
535 1163 676 1204 reges,
702 1156 745 1190 ut
769 1157 963 1203 regerent
983 1148 1061 1189 sibi
1088 1148 1306 1189 subditos?
1336 1148 1470 1188 Prona

122 1219 231 1259 enim
255 1227 436 1275 potestas
452 1218 494 1259 in
513 1219 659 1261 vitium
684 1219 898 1259 serebatur
913 1250 923 1266 ,
944 1226 985 1259 et
1002 1233 1119 1259 more
1135 1219 1348 1274 pecudum
1371 1232 1471 1272 vaga

123 1302 210 1328 sese
225 1287 399 1328 libidine
415 1288 672 1343 polluebant.
696 1288 954 1344 Ignorabant
975 1288 1112 1329 Deum
1128 1319 1139 1335 ,
1168 1286 1383 1328 restrinxit
1402 1300 1471 1327 eos

124 1371 225 1398 crux
261 1357 454 1404 Domini,
499 1368 540 1399 et
574 1358 785 1399 revocavit
818 1374 838 1399 a
870 1346 990 1414 lapsu
1027 1357 1264 1413 impietatis.
1305 1355 1475 1399 Levavit

124 1427 268 1467 oculos
285 1441 456 1474 eorum,
489 1435 535 1468 ut
565 1426 782 1469 Christum
807 1427 848 1468 in
872 1428 1026 1469 coelum
1050 1434 1299 1482 quaererent.
1334 1426 1473 1466 Exue-

124 1505 222 1538 runt
259 1512 301 1538 se
327 1497 477 1538 chamo
501 1496 713 1553 perfidiae,
756 1505 1013 1554 usceperunt
1039 1497 1155 1538 frena
1179 1496 1410 1538 devotionis
1435 1503 1476 1536 et

125 1565 246 1613 fidei,
266 1566 398 1607 secuti
417 1565 626 1608 dicentem
647 1582 655 1607 :
673 1567 852 1610 «Tollite
870 1567 1018 1624 jugum
1037 1581 1179 1608 meum
1197 1581 1322 1622 super
1345 1580 1467 1606 vos...

126 1635 310 1692 »Jugum
341 1635 454 1677 enim
481 1650 622 1677 meum
653 1651 777 1678 suave
800 1646 883 1685 est,
918 1645 959 1678 et
988 1652 1093 1678 onus
1121 1651 1265 1677 meum
1301 1634 1465 1677 leveffi»

126 1706 226 1747 Inde
247 1705 396 1760 reliqui
414 1705 625 1762 principes
650 1706 882 1754 christiani,
909 1714 1062 1763 praeter
1084 1720 1215 1746 unum
1237 1704 1475 1751 Julianum,

124 1777 195 1832 qui
228 1776 372 1818 salutis
398 1791 482 1817 snae
508 1785 724 1818 auctorem
759 1778 954 1834 reliquit,
992 1778 1093 1819 dum
1123 1775 1399 1833 philosophice
1425 1789 1468 1816 se

123 1846 244 1887 dedit
265 1845 412 1886 errori.
438 1845 542 1887 Inde
565 1846 787 1889 Gratianus
810 1856 852 1888 et
879 1846 1157 1889 Theodosius.

185 1915 270 1958 LII.
308 1915 401 1958 Non
437 1931 535 1972 ergo
572 1917 746 1958 mentita
776 1925 836 1958 est
864 1915 1109 1973 prophetia,
1141 1915 1284 1957 dicens
1310 1930 1355 1956 :ct
1373 1914 1476 1956 Am-

124 2005 139 2025 »
156 1987 365 2028 bulabunt
394 2002 511 2044 reges
540 1988 581 2028 in
612 1988 771 2029 lumine
797 1987 912 2029 tuo5.
931 1986 1250 2028 »Ambulabunt
1272 1987 1395 2041 plane
1417 2000 1465 2026 ac

131 2057 310 2098 maxime
323 2056 544 2098 Gratianus
556 2056 867 2099 etTheodosius
878 2071 961 2112 prae
979 2055 1137 2097 caeteris
1149 2055 1373 2112 principes,
1387 2069 1472 2095 non

126 2127 209 2182 jam
225 2128 350 2169 armis
364 2127 564 2174 militum,
590 2128 662 2169 sed
677 2127 835 2168 meritis
857 2127 939 2168 suis
974 2126 1073 2168 tecti
1092 2142 1100 2167 :
1120 2141 1204 2167 non
1218 2140 1478 2182 purpureum

127 2198 315 2239 habitum
334 2231 342 2245 ,
363 2199 435 2239 sed
459 2199 658 2239 amictum
682 2198 815 2239 induti
833 2198 986 2254 gloriae.
1018 2197 1099 2248 Qui
1119 2212 1216 2238 cum
1239 2196 1308 2238 hic
1331 2197 1466 2238 delec-

129 2276 321 2309 tarentur
339 2269 389 2310 ab
403 2269 610 2310 solutione
632 2269 862 2309 multorum
877 2301 887 2315 ,
912 2276 1068 2322 quanto
1086 2266 1216 2322 magis
1231 2265 1314 2307 illic
1338 2280 1485 2322 peper-

130 2337 236 2379 cisse
276 2353 319 2379 se
351 2338 549 2395 pluribus
580 2339 866 2387 recensendo,
902 2337 1068 2395 pietatis
1091 2351 1172 2378 suae
1199 2336 1492 2377 recordatione

176 2466 185 2480 ¹
204 2457 304 2488 Zach.
322 2468 389 2495 x1v,
411 2469 462 2491 20.
493 2477 532 2482 —
565 2466 576 2480 ²
612 2457 730 2490 Jerem.
750 2467 779 2497 v,
800 2458 829 2490 8.
851 2475 890 2483 -
909 2460 922 2482 3
941 2457 1024 2490 Psat.
1048 2467 1136 2496 xxxi,
1154 2467 1185 2498 9.
1199 2472 1237 2480 —
1257 2456 1270 2482 4
1286 2453 1407 2487 Matth.
1437 2463 1470 2482 51

131 2512 183 2543 50.
207 2530 242 2536 ·—-
268 2512 370 2544 '’153'1'.
390 2524 440 2552 ω’,
458 2514 489 2544 5.
