1774 3158
340 230 420 287 296
880 244 917 270 s.=
952 242 1144 271 Aninnosu

332 320 481 377 jiciens
502 334 568 369 se,
593 333 645 361 ne
667 333 781 362 mors
802 320 1000 362 transiret
1021 321 1073 362 ad
1099 319 1323 362 viventium
1347 318 1509 376 agmina
1524 350 1534 367 ,
1560 334 1579 360 a
1610 318 1679 361 su·-

332 389 504 431 neribus
537 389 846 431 mortuorum&
873 390 947 432 Hic
985 398 1122 431 autem
1161 389 1277 445 quasi
1301 389 1484 431 Verbum
1516 403 1681 446 semper

333 468 414 501 stat
436 460 476 501 in
500 459 693 517 singulis,
725 474 849 516 quem
884 475 958 502 nos
992 475 1076 501 non
1097 458 1309 504 videmus,
1337 459 1443 501 intra
1467 475 1541 501 nos
1560 474 1680 516 sepa-

331 542 427 570 rans
450 529 717 572 rationabiles
746 530 921 572 virtutes
944 545 965 571 a
987 528 1258 570 cadaveribus
1286 528 1523 585 passionum
1544 528 1680 570 letha-

330 596 433 639 lium
448 631 459 647 ,
484 607 525 641 et
545 599 827 656 pestilentium
852 599 1169 655 cogitationum.
1191 598 1269 640 Hic
1287 605 1366 639 stat
1383 631 1391 646 ,
1410 598 1527 654 quasi
1549 598 1620 654 qui
1639 597 1680 638 in

330 667 446 710 hunc
466 670 669 712 mundum
693 669 897 717 venerit²,
916 677 961 710 ut
980 669 1171 710 aculeum
1195 668 1341 709 mortis
1357 668 1598 716 hebetaret,
1613 668 1682 709 de-

330 739 589 781 voratorium
611 739 702 795 ejus
721 738 1224 786 obstrueret,viventibus
1247 737 1521 780 aeternitatem
1541 737 1681 795 gratiae

332 809 476 857 daret,
501 809 709 851 defunctis
731 808 1087 851 resurrectionem
1113 810 1379 850 concederet.

389 878 459 920 VI.
496 879 604 921 Huic
624 888 666 921 tu
691 879 843 920 militas
867 879 1019 921 bonam
1037 877 1272 926 militiam³,
1292 878 1418 934 hujus
1439 877 1679 934 depositum

331 948 516 989 custodis
530 980 540 996 ,
556 948 682 1003 hujus
707 949 931 1004 pecuniam
955 948 1153 995 soencras,
1173 948 1407 988 secundum
1424 947 1538 1003 quod
1553 946 1683 1002 scrip-

329 1025 418 1057 tum
444 1025 541 1057 est:
558 1034 573 1054 ‹<
593 1016 837 1058 Foenerabis
856 1015 1077 1071 gentibus⁶
1086 1047 1095 1057 .
1118 1034 1132 1053 n
1148 1015 1312 1057 Bonum
1331 1015 1466 1056 soenus
1483 1014 1682 1071 spiritalis

328 1085 496 1141 gratiae,
517 1086 630 1140 quod
652 1084 822 1125 veniens
842 1085 1047 1125 Dominus
1067 1099 1165 1126 cum
1184 1081 1320 1126 usuris
1341 1085 1503 1140 exiget;
1524 1093 1680 1126 etcum

329 1164 370 1195 te
393 1155 499 1196 bene
531 1154 791 1211 dispensasse
818 1154 1053 1202 inveneiit,
1077 1154 1194 1196 dabit
1225 1154 1298 1196 tibi
1330 1155 1447 1210 plura
1478 1170 1553 1211 pro
1578 1169 1682 1210 pau-

330 1225 552 1266 cioribus·
543 1256 551 1265 .
576 1225 738 1280 eritque
768 1224 872 1266 mihi
908 1224 1069 1266 fructus
1093 1224 1381 1272 dulcissimus,
1407 1223 1519 1279 quod
1541 1238 1681 1265 meum

327 1295 368 1336 in
394 1303 433 1336 te
460 1294 668 1350 judicium
707 1295 1069 1351 comprobabitur.
1100 1294 1319 1336 Ordinatio
1342 1309 1426 1335 non
1450 1294 1683 1351 reprehen-

327 1364 479 1413 detur,
505 1380 631 1421 quam
654 1365 852 1421 accepisti
881 1380 955 1422 per
987 1365 1296 1421 impositionem
1327 1379 1532 1406 manuum
1565 1380 1683 1406 moa-

326 1449 447 1482 rum,
488 1442 529 1475 et
566 1434 906 1475 benedictionem
945 1434 987 1475 in
1028 1434 1199 1475 nomine
1230 1433 1399 1475 Domini
1421 1433 1568 1476 Jesu⁵.
1596 1434 1681 1476 Fac

327 1518 426 1559 ergo
447 1503 608 1544 bonum
646 1518 774 1559 opus,
799 1512 845 1544 ut
876 1504 915 1544 in
948 1503 1020 1545 illo
1045 1504 1111 1544 die
1143 1505 1384 1546 mercedem
1408 1503 1617 1552 invenias,
1642 1511 1684 1546 et

327 1587 404 1628 ego
427 1572 467 1614 in
490 1582 531 1615 te
546 1605 556 1621 ,
582 1581 624 1614 et
646 1573 749 1614 tuin
772 1588 841 1614 me
863 1573 1190 1628 requiescamus.

385 1641 473 1684 Vll.
511 1642 639 1683 Multa
662 1642 806 1683 messis
829 1642 1010 1690 Christi,
1030 1644 1104 1684 sed
1127 1643 1250 1700 pauci
1275 1644 1480 1700 operarii3
1505 1652 1546 1686 et
1573 1643 1684 1685 diffi-

328 1710 408 1752 cile
444 1711 739 1768 reperiuntur,
775 1711 845 1767 qui
882 1712 1093 1767 adjuvent.
1125 1712 1284 1754 Verum
1316 1713 1398 1755 hoc
1427 1721 1545 1755 vetus
1572 1728 1581 1754 ε
1613 1713 1686 1754 sed

325 1788 476 1836 potens
509 1788 572 1821 est
611 1779 840 1828 Dominus,
877 1781 947 1836 qui
983 1781 1122 1823 mittat
1167 1781 1381 1837 operarios
1420 1781 1462 1822 in
1504 1786 1684 1823 messem

326 1849 489 1891 suam⁶.
518 1849 642 1891 Certe
663 1849 704 1890 in
727 1849 796 1890 illo
819 1849 965 1891 ordine
990 1849 1262 1892 Comensium
1286 1851 1371 1906 jam
1394 1850 1583 1907 plerique
1601 1865 1681 1892 coe-

327 1928 481 1976 perunt
514 1921 688 1961 credere
721 1920 961 1976 magisterio
993 1929 1095 1968 tue,
1120 1929 1161 1962 et
1194 1920 1383 1962 doctrina
1413 1929 1482 1962 tua
1508 1921 1684 1963 verbum

327 1988 405 2031 Dei
446 1998 731 2046 receperunt:
757 1991 832 2032 sed
865 1990 935 2046 qui
974 1991 1090 2032 dedit
1127 1992 1371 2038 credentes,
1396 1999 1438 2033 et
1468 1990 1681 2046 adjutores

331 2058 476 2106 dabit;
502 2073 584 2113 quo
611 2066 653 2099 et
688 2058 763 2100 tibi
790 2058 1017 2100 excusandi
1049 2059 1262 2101 auferatur
1295 2060 1544 2107 necessitas,
1568 2061 1683 2116 quod

329 2127 564 2168 seriusnos
590 2127 779 2168 inviseris
807 2142 815 2168 :
842 2136 884 2169 et
906 2128 1009 2169 mihi
1042 2128 1231 2169 crebrior
1260 2137 1337 2170 tuae
1361 2129 1589 2185 praesentiae
1615 2143 1682 2170 re·-

282 2187 285 2190 ⁴
327 2196 531 2237 fundatur
556 2196 701 2252 gratia.
736 2195 835 2238 Vale
851 2229 862 2244 ,
885 2206 926 2238 et
943 2212 1018 2238 nos
1047 2197 1171 2255 dilige
1190 2232 1201 2247 ,
1229 2206 1276 2239 ut
1298 2198 1411 2240 sacis.

375 2304 384 2319 ¹
405 2295 502 2327 Num.
523 2306 587 2331 xvi.
604 2295 655 2337 47.
674 2295 729 2333 48.
747 2314 785 2320 -
806 2306 818 2320 ¹
837 2296 940 2328 Hebr.
958 2308 994 2332 ιι.
1015 2297 1066 2335 ι4,
1085 2299 1134 2329 ι5.
1151 2316 1191 2322 -
1211 2298 1223 2319 ³
1245 2309 1255 2330 1
1274 2299 1361 2331 Tim.
1378 2309 1403 2337 1,
1424 2299 1470 2332 18.
1489 2317 1526 2323 —
1550 2302 1561 2327 4
1583 2300 1680 2334 Deut.

327 2360 380 2389 xv,
394 2350 422 2380 6.
441 2367 479 2372 —
498 2351 510 2372 ⁵
537 2360 552 2380 2
572 2349 657 2382 Tim.
674 2362 695 2389 ι,
715 2350 746 2382 6.
765 2369 803 2375 ·—
822 2352 837 2373 ⁶
855 2352 973 2384 Mauh.
993 2363 1036 2391 ix,
1052 2353 1105 2395 37.
