1774 3158
650 263 985 292 ANNOTATmNh-s.
1411 251 1494 306 517

484 412 728 440 ΑΝΝοΤΑΤιο
761 396 890 453 (119)
928 411 1020 453 pag.
1059 400 1156 453 329.

205 533 349 576 Gotthi
369 532 567 591 Scythica
586 546 685 590 gens
708 531 917 579 creditur,
937 531 1007 586 qui
1033 529 1072 571 in
1098 530 1291 572 curribus
1309 529 1466 587 degunt
1485 563 1494 579 ‚

144 603 336 656 ἁμαξόςιοι,
361 611 403 644 et
429 603 634 656 ἁμαξοῧίται
660 601 938 658 appellantur.
967 598 1222 641 Gotthorum
1254 601 1373 641 sedes
1407 608 1497 641 tum

146 670 424 714 Orientalium
440 704 449 720 ‚
474 672 555 714 hoc
577 679 639 713 est
659 704 669 720 ,
699 669 1007 725 Oostgoethen‚
1034 670 1159 726 vulgo
1182 669 1500 727 Ostrag·0then;

146 749 234 782 tum
267 743 624 789 Occidentalium‚
648 743 729 784 hoc
753 750 838 789 est,
862 740 1178 798 Vueslgoetlwn
1194 774 1205 789 ,
1232 741 1355 797 vulgo
1378 740 1500 782 Visi-

144 811 346 868 gezman,
368 813 407 854 in
448 812 552 853 mari
581 812 759 854 Baitheo
802 811 853 852 ad
888 810 1087 852 Suediam
1137 811 1494 852 demonstrantur.

146 881 340 924 Arbitror
364 883 443 924 illis
465 898 621 924 nomen
658 882 838 924 inditum
862 897 881 923 a
909 881 1098 923 bonitate
1114 913 1125 929 ‚
1148 879 1230 922 hoc
1254 889 1317 922 est
1347 882 1497 938 goeth,

146 959 191 992 ut
214 953 340 994 altera
359 968 459 1010 gens
481 968 524 994 se
542 967 563 994 a
580 952 759 1000 malitia,
783 952 863 994 hoc
885 959 962 1000 est,
984 950 1161 1005 quaem,
1188 951 1504 1008 appellaverunt

150 1020 322 1071 Quados
344 1037 352 1063 :
379 1031 424 1063 ut
440 1023 594 1065 Franci
616 1022 714 1064 dicti
733 1031 829 1063 sunt
848 1022 939 1062 urii
958 1020 1144 1069 arachen,
1165 1021 1246 1062 hoc
1268 1029 1358 1069 est,
1381 1019 1501 1076 juve-

147 1106 220 1134 nes
248 1093 434 1141 caelibes,
465 1094 654 1134 nondum
679 1092 831 1133 mariti.
868 1093 926 1133 Ita
953 1091 1151 1134 Nannius.
1180 1091 1374 1133 lnnuitur
1400 1106 1499 1147 ergo

147 1161 198 1203 ab
222 1159 445 1204 Ambrosio
462 1178 636 1219 synaxes
662 1162 935 1204 ArrIanorum
959 1161 1083 1204 fuisse
1108 1160 1418 1203 ambulatorias.

486 1298 730 1326 ANNOTATIO
768 1282 886 1338 (120)
924 1298 1017 1340 pag.
1059 1286 1155 1325 332.

204 1401 533 1459 Imperatoribus
568 1405 609 1446 in
632 1405 862 1447 Ecclesiam
886 1420 1036 1461 resque
1063 1405 1221 1446 divinas
1249 1406 1409 1446 nullum
1435 1403 1499 1459 jus

146 1486 237 1513 esse
258 1471 343 1528 jam
365 1488 487 1530 supra
513 1475 672 1517 dixerat
690 1483 859 1517 sanctus
883 1474 1056 1523 Doetor,
1073 1483 1114 1516 ct
1139 1474 1242 1516 infra
1268 1488 1436 1530 quoque
1461 1474 1501 1514 in

148 1556 224 1582 suo
262 1543 314 1584 ad
345 1543 682 1587 Valentinianum
719 1546 862 1587 libello
894 1546 1033 1587 denuo
1066 1545 1231 1602 repetit.
1259 1545 1377 1586 Hanc
1402 1544 1505 1586 veri-

147 1618 274 1652 tatem
307 1613 475 1668 plurimi
503 1629 550 1656 ac
570 1614 821 1656 sanctissimi
845 1614 918 1656 viri
941 1615 1156 1656 laboribus
1180 1613 1432 1661 innumeris,
1462 1621 1503 1654 et

148 1682 402 1738 quandoque
433 1685 556 1726 etiam
581 1685 782 1741 sanguine
815 1686 983 1742 proprio
1016 1685 1136 1727 tutati
1161 1693 1272 1726 sunt.
1301 1684 1382 1726 Alii
1406 1700 1503 1725 vcro

149 1767 240 1793 eam
279 1752 396 1795 libris
429 1755 550 1797 editis
585 1756 738 1797 invicte
774 1764 1120 1812 propugnarunt,
1162 1770 1264 1811 quos
1290 1755 1397 1796 inter
1427 1754 1502 1794 Fa-

150 1824 315 1865 cundus
329 1840 405 1866 con
415 1834 474 1868 tra
494 1827 588 1869 libr.
609 1827 765 1870 Justin.
783 1828 957 1869 Caesaris
975 1827 1185 1869 adversus
1203 1827 1291 1867 tria
1309 1825 1505 1882 capitula

150 1895 202 1935 de
223 1896 564 1951 magnanimitate
580 1929 590 1945 ,
615 1913 695 1954 qua
719 1898 917 1940 Ecelesiae
940 1898 1032 1954 jura
1051 1898 1101 1940 ab
1128 1897 1335 1954 episcopis
1355 1897 1503 1938 desen-

151 1963 286 2005 denda
311 1973 428 2014 sunt,
455 1967 716 2009 validissimis
740 1969 924 2025 disputat
948 1968 1204 2025 argumentis
1222 2001 1230 2015 ‚
1256 1968 1326 2009 sed
1354 1966 1503 2023 praeei⁴

150 2048 231 2090 pue
253 2035 324 2077 lib.
347 2051 422 2084 x11,
442 2053 568 2094 quem
591 2040 776 2081 consule.

558 2174 800 2201 ΛΝΝΟΤΛΤΙΟ
841 2160 970 2212 (121)
1005 2158 1104 2200 ibid.

212 2281 393 2323 Cortinae
411 2280 533 2338 regiae
549 2282 636 2322 vela
658 2283 849 2336 quaedam
873 2291 1019 2330 erant,
1039 2296 1131 2338 quae
1158 2280 1311 2322 alicubi
1334 2294 1505 2337 suspen·

152 2350 381 2399 debantur,
403 2359 448 2392 ut
471 2352 587 2392 locus
611 2351 650 2391 in
677 2350 779 2393 fisco
803 2352 1004 2409 principis
1026 2367 1116 2393 esse
1139 2351 1410 2392 indicaretur.

489 2483 734 2511 ANNOTA'HO
767 2471 885 2525 (122)
926 2485 1016 2526 pag.
1058 2469 1153 2511 333.

212 2587 305 2633 Tria
328 2595 447 2630 erant
468 2586 701 2629 officiorum
721 2602 873 2645 genera
893 2619 901 2634 ,
928 2587 1079 2644 quilms
1106 2587 1154 2627 ad
1181 2584 1425 2642 perferenda
1448 2600 1506 2626 se-
