1774 3158
300 195 354 235 80
844 209 874 236 s.
918 210 1107 238 AMBROSII

359 285 527 327 CXVII.
564 285 707 342 ltaque
722 286 820 328 licet
844 287 884 329 in
907 299 1124 331 momento
1144 290 1447 333 resuscitentur
1468 306 1613 334 omncs
1633 325 1641 339 ,

300 371 444 397 omnes
466 364 604 396 tamen
622 356 869 399 meritorum
885 358 1033 401 ordine
1052 361 1318 402 suscitantur.
1341 361 1393 402 Et
1410 361 1504 403 ideo
1522 361 1645 418 primi

303 433 553 481 resurgunt,
590 427 661 481 qui
690 435 858 468 maturo
889 429 1121 470 devotionis
1154 445 1358 479 occursu,
1392 439 1433 472 et
1463 432 1644 487 quodam

301 498 549 538 antelucano
581 495 678 537 fidei
707 506 854 538 exortu
882 499 1137 553 prodeuntes
1159 532 1169 547 ‚
1192 500 1300 542 Solis
1330 501 1474 543 aeterni
1507 503 1646 544 radios

303 575 566 624 receperunt.
595 567 720 617 Quod
744 569 807 608 vel
828 569 880 608 de
904 568 1153 610 patriarchis
1175 570 1291 625 juxta
1314 571 1473 614 Veteris
1497 573 1646 615 seriem

302 638 583 686 Testamenti,
611 641 675 680 vel
702 638 752 680 de
775 638 984 695 Apostolis
1014 638 1126 693 juxta
1152 641 1426 698 Evangelium
1451 643 1543 698 jure
1565 659 1648 685 me-

302 710 565 752 moraverim.
594 709 777 751 Secundi
798 718 950 761 autem,
969 710 1038 766 qui
1063 710 1189 752 ritum
1207 713 1394 768 gentium
1412 714 1650 770 relinquen-

305 790 365 822 tes
383 813 391 828 ‚
424 781 474 822 ab
498 795 639 821 errore
662 780 864 837 sacrilego
893 781 1146 821 transierunt
1175 782 1215 822 in
1245 782 1439 824 Ecclesiae
1471 784 1649 841 discipli-

306 865 414 892 nam.
453 851 504 891 Et
547 851 640 892 ideo
675 850 731 891 illi
773 851 894 907 primi
933 866 983 892 ex
1021 852 1207 908 patribus
1234 884 1244 900 ,
1294 853 1358 894 isti
1399 855 1573 895 secundi
1601 870 1650 896 ex

303 922 525 979 gentibus;
552 921 601 962 ab
630 920 708 962 illis
731 921 843 962 enim
865 922 937 963 lux
963 921 1059 963 fidei
1085 923 1238 978 coepit,
1274 922 1314 963 in
1340 923 1425 965 istis
1444 940 1576 980 usque
1600 926 1651 966 ad

304 993 449 1034 mundi
480 1006 677 1033 occasum
710 1000 901 1049 suscepta
929 993 1107 1034 duravit.
1146 993 1275 1035 Tertii
1307 995 1585 1043 suscitantur,
1612 1005 1652 1036 ct

307 1062 468 1118 quarti,
491 1062 561 1117 qui
585 1063 634 1104 ab
663 1062 817 1104 Austro
834 1095 843 1110 ,
869 1063 1001 1118 etqui
1028 1063 1077 1104 ab
1100 1063 1307 1119 Aquilone
1331 1072 1439 1106 sunt.
1466 1065 1535 1106 His
1554 1080 1654 1120 qua-

307 1142 402 1175 tuor
419 1141 528 1174 terra
546 1132 814 1189 distinguitur
829 1165 839 1180 ,
868 1132 931 1173 his
954 1141 1132 1188 quatuor
1156 1148 1287 1174 annus
1308 1133 1564 1182 includitur,
1590 1135 1653 1175 his

306 1213 485 1260 quatuor
515 1203 695 1244 mundus
721 1203 918 1258 impletur
938 1235 948 1251 ,
975 1203 1035 1244 his
1059 1212 1239 1259 quatuor
1270 1203 1458 1245 Ecclesia
1481 1219 1652 1260 congre-

306 1284 438 1331 gatur.
480 1274 637 1316 Omnes
669 1273 780 1314 onim
805 1274 875 1329 qui
908 1282 1187 1316 sacrosanctae
1213 1274 1409 1316 Ecclesiae
1442 1276 1652 1332 copulati,

306 1346 433 1388 divini
455 1344 635 1387 nominis
667 1345 951 1401 appellatione
977 1355 1226 1393 censentur,
1253 1347 1567 1403 praerogativam
1597 1362 1656 1387 rc-

306 1415 575 1458 surrectionis
607 1423 649 1456 et
675 1415 961 1456 delectationis
993 1424 1157 1457 aeternae
1191 1417 1364 1472 gratiam
1399 1431 1656 1472 cousequen-

308 1498 395 1534 tur;
415 1505 430 1525 «
454 1486 664 1538 Quoniam
685 1486 850 1527 venient
870 1486 918 1527 ab
937 1485 1110 1528 Oriente
1124 1495 1164 1528 et
1179 1486 1433 1536 Occidente,
1458 1488 1509 1528 ab
1531 1487 1656 1543 Aqui-

308 1561 430 1600 »lone
456 1565 497 1598 et
522 1555 699 1604 Austro,
733 1564 774 1597 et
798 1556 1048 1597 recumbent
1072 1557 1111 1597 in
1136 1571 1264 1612 regno
1287 1557 1404 1599 Dei¹.
1421 1576 1436 1595 n

366 1627 675 1682 CXVIIIQNon
694 1627 805 1668 enim
824 1626 971 1682 exigua
987 1629 1194 1669 mundum
1211 1642 1333 1668 suum
1354 1626 1543 1669 Christus
1562 1627 1656 1668 lucc

307 1699 627 1756 complectitur3
664 1699 1037 1754 quandoquidem«
1059 1699 1094 1740 A
1131 1712 1296 1740 summo
1333 1699 1439 1740 coelo
1476 1699 1656 1755 egressio

307 1789 321 1809 ι)
337 1771 425 1828 ejus
442 1805 452 1821 ,
476 1779 518 1812 et
540 1785 740 1812 occursus
766 1768 855 1825 ejus
879 1784 1008 1825 usque
1037 1770 1090 1810 ad
1113 1783 1325 1811 summum
1348 1769 1439 1825 ejus
1463 1784 1472 1810 :
1493 1784 1571 1811 nec
1596 1778 1658 1811 cst

305 1842 464 1897 »quise
487 1842 717 1883 abscondat
741 1855 761 1880 a
789 1840 927 1880 calore
951 1838 1080 1894 ejus².
1102 1840 1289 1881 »Omnes
1314 1840 1425 1880 enim
1451 1839 1655 1896 benignus

308 1915 510 1957 illustrat.
543 1926 622 1954 nec
654 1910 837 1952 refutare
873 1911 1031 1957 levem,
1067 1912 1139 1951 scd
1171 1911 1395 1951 emendare
1427 1912 1514 1951 vult
1541 1925 1549 1950 ε
1578 1925 1652 1951 nec

304 1985 526 2026 excludere
550 1984 702 2024 durum
727 1982 934 2030 Ecclesia,
964 1983 1035 2023 sed
1058 1982 1221 2022 mollire
1239 1981 1460 2023 desiderat.
1490 1981 1541 2022 Et
1559 1981 1652 2022 ideo

305 2058 343 2098 in
366 2054 547 2096 Canticis
573 2053 846 2094 Canticorum
874 2067 943 2092 eos
967 2051 1154 2093 Ecclesia
1170 2084 1179 2099 ,
1203 2052 1243 2091 in
1262 2051 1485 2108 Evangelio
1511 2050 1656 2092 Chris-

308 2138 372 2170 tus
406 2126 552 2168 invitat
584 2125 728 2166 dicens
759 2139 767 2164 :
794 2121 974 2164 «Venite
998 2123 1049 2164 ad
1070 2137 1139 2163 me
1167 2136 1310 2163 omnes
1333 2121 1403 2178 qui
1433 2121 1654 2169 laboratis,

307 2221 320 2237 n
337 2208 376 2240 ot
395 2195 556 2240 onerati
573 2195 670 2237 estis
690 2226 700 2243 ,
720 2202 761 2235 et
779 2208 855 2251 ego
873 2192 1058 2235 reficiam
1076 2208 1161 2235 vos.
1184 2193 1333 2235 Tollite
1351 2192 1498 2250 jugum
1515 2207 1657 2233 meum

309 2285 463 2327 »super
494 2282 589 2318 vos,
625 2274 667 2307 et
696 2264 843 2307 discite
872 2279 891 2305 a
923 2279 991 2306 me
1025 2264 1122 2320 quia
1149 2263 1260 2306 mitis
1294 2279 1384 2305 sum
1416 2272 1459 2305 et
1491 2263 1657 2304 humilis

308 2340 538 2385 »corde³.n

364 2412 518 2456 CXIX.
557 2409 754 2452 Ecclesiae
799 2422 966 2465 quoquc
1008 2422 1152 2449 vocem
1196 2405 1407 2448 invitantis
1446 2419 1649 2463 agnosce5

354 2516 361 2530 ¹
382 2507 460 2538 Luc.
489 2511 560 2539 xm,
588 2514 641 2544 29.
657 2521 670 2525 -
717 2512 728 2526 ¹
757 2501 842 2534 Psal.
869 2511 961 2537 xviii,
987 2511 1018 2540 7.
1036 2518 1074 2523 --
1092 2501 1105 2523 3
1125 2500 1242 2532 Maith.
1261 2510 1304 2537 xi,
1328 2498 1381 2536 28,
1400 2508 1450 2539 29.
