1774 3158
478 271 762 300 EPISTOLABUM
796 271 956 300 CLASSIS
991 272 1015 298 1.
1357 272 1432 314 197

82 430 340 444 νιιιικιςνιιᾎ
349 427 815 440 ικτιςὶινιιςωιηςνςςιαιῶ·
825 428 898 438 §252
908 428 1003 439 “xm
1014 428 1140 439 -msxs-
1155 429 1185 440 ..a
1194 429 1227 440 ι,
1237 428 1301 440 mv
1313 428 1360 440 sn*
1377 428 1435 439 w

154 572 172 586 .
573 544 831 587 EPISTOLA
866 544 895 587 V
909 545 917 565 ¹
929 576 938 587 .

33 729 36 732 ,
83 682 361 725 Sententiam
391 681 468 722 ahs
497 696 539 722 se
569 681 616 721 in
638 695 765 722 eausa
797 679 986 722 Indicioe
1015 681 1150 722 latam
1174 681 1427 737 defendens,

140 751 324 809 Syagrii
338 750 570 806 judicium
583 750 763 806 arguit,
786 750 902 804 quod
925 750 1123 806 legitima
1147 750 1194 789 in
1217 765 1264 790 eo
1285 752 1432 806 forma

140 835 229 860 non
250 822 424 860 servata
441 820 510 860 sit.
543 818 798 860 Maximum
816 819 1042 877 tragoeciioe
1065 830 1288 860 auctorem
1314 819 1433 876 apud

139 905 181 931 se
202 905 291 931 non
309 890 601 944 compared-sse
620 903 633 930 .·
660 890 899 948 Syagrium
928 890 1238 945 inspectionem
1260 881 1433 947 virgini

140 960 625 1001 contumeliosissimam
658 960 921 1009 decrevisse;
948 975 1049 1000 eum
1076 960 1193 1007 alia,
1220 959 1335 1001 unde
1355 961 1434 1015 ju-

140 1030 286 1071 dicari
318 1031 446 1087 virgo
476 1030 651 1077 debeat,
678 1040 938 1085 suppetant:
962 1031 1270 1087 inspectionem
1296 1031 1430 1070 incer·

141 1110 233 1142 tam
252 1110 322 1155 atq
332 1116 379 1141 ue
397 1101 598 1142 inutilem
615 1117 630 1151 ‚·
653 1100 779 1142 aliud
798 1101 917 1140 enim
936 1100 1219 1142 obstetricum
1236 1101 1432 1158 officium

140 1171 223 1211 c‘sse
237 1185 250 1209 .·
273 1184 362 1209 non
379 1184 479 1227 ergo
502 1168 581 1210 hac
601 1169 772 1210 ratione
795 1184 972 1210 eausam
992 1169 1310 1217 decidenda¹m;
1325 1184 1433 1224 pree-

139 1240 291 1281 sertim
325 1254 424 1280 cum
452 1240 666 1296 peperisse
697 1240 913 1280 diceretur
946 1239 1138 1281 Indicia.
1178 1239 1237 1281 In
1275 1240 1433 1294 quibus

142 1310 346 1365 inspectio
367 1310 422 1350 sit
446 1309 700 1350 toleranda!
721 1309 963 1366 Syagrium
989 1314 1156 1350 ‘vanam
1182 1307 1344 1366 afferre
1365 1325 1433 1350 ea:-

140 1378 407 1420 cusationem
433 1394 446 1418 .·
479 1378 733 1420 Maximum
754 1393 855 1419 vere
880 1388 1170 1419 accusatorem
1203 1393 1298 1419 csse.
1327 1378 1431 1418 Pos-

141 1458 277 1489 tremo
299 1448 574 1489 accusatione
604 1463 655 1487 ac
679 1449 848 1489 testibus
875 1463 1026 1489 rursus
1053 1447 1343 1504 vituperatis,
1369 1462 1432 1487 re-

138 1521 278 1575 fertur
310 1517 578 1559 Mareetttnae
602 1518 882 1572 aliarumque
912 1533 995 1573 pro
1024 1517 1205 1559 Indicia
1243 1518 1429 1558 testimo-

140 1577 288 1634 nium,
307 1596 399 1641 post
422 1587 538 1641 quod
551 1587 784 1643 judicium
800 1587 1151 1629 Ambrosianum
1172 1586 1422 1643 subjicitur.

526 1728 778 1771 Ambrosius
802 1728 991 1786 Syagrio.

142 1868 174 1909 1.
200 1860 538 1910 -Pnosmcmxouu
569 1882 657 1908 csse
681 1881 734 1908 ne
758 1866 809 1907 de
841 1874 985 1908 nostro
1012 1867 1296 1923 obloquantur
1317 1868 1430 1924 judi-

84 1937 150 1979 cio
172 1937 404 1979 charissimi
426 1937 558 1978 nostri
577 1937 838 1979 veronenses
852 1970 861 1984 ,
880 1936 1060 1994 propriis
1079 1938 1246 1979 texuisti
1269 1939 1429 1981 litteris.

84 2007 176 2050 Non
200 2007 381 2049 arbitror
404 2007 492 2049 fore
508 2039 518 2054 ,
545 2015 659 2049 certe
676 2022 762 2049 non
788 2007 937 2049 solent.
961 2006 1046 2049 Aut
1068 2007 1099 2048 si
1118 2007 1427 2064 obloquantur,

84 2078 137 2118 de
157 2091 241 2133 quo
263 2076 434 2132 obloqui
457 2077 643 2125 soleant,
668 2075 780 2119 haud
802 2076 929 2118 dubie
952 2076 1112 2132 liquet:
1138 2091 1235 2118 cum
1260 2091 1432 2134 exaspe-

84 2145 164 2197 rati
186 2145 270 2187 huc
286 2145 478 2194 veniant,
503 2145 670 2202 pacifici
697 2147 749 2188 ad
775 2154 815 2188 te
839 2154 1104 2188 revertantur
1127 2145 1238 2201 (75);
1264 2160 1434 2202 praeser·

85 2214 159 2256 tim
186 2229 283 2257 cum
312 2215 630 2272 hocjudiciutn
661 2223 852 2257 nostrum
877 2229 977 2257 cum
996 2214 1195 2256 fratribus
1218 2222 1260 2256 et
1281 2229 1433 2256 consa-

84 2285 325 2327 cerdotibus
352 2285 507 2327 nostris
544 2285 841 2342 participatum
880 2284 1133 2341 processerit.
1162 2298 1171 2324 ε
1211 2292 1255 2325 tu
1295 2292 1434 2325 autem

84 2355 172 2397 sine
191 2355 366 2411 alicujus
387 2355 524 2397 fratris
542 2355 716 2397 consilio
734 2355 816 2397 hoc
832 2354 1040 2410 judicium
1059 2353 1137 2395 tibi
1159 2354 1270 2396 solus
1293 2353 1431 2396 vindi-

84 2424 266 2466 candum
281 2424 462 2481 putaris3
479 2424 517 2464 in
540 2438 623 2480 quo
642 2433 779 2466 tamen
804 2431 899 2465 ante
916 2423 1122 2479 judicium
1137 2422 1431 2480 praejudicium

83 2492 254 2541 feceris,
280 2502 325 2536 ut
346 2494 528 2551 puellam
553 2493 734 2536 Zenonis
754 2502 909 2537 sanctae
933 2492 1147 2536 memoriae
1164 2491 1322 2549 judicio
1341 2507 1432 2551 pro-

129 2592 141 2609 ·
160 2585 284 2629 Scripta
300 2586 382 2619 circa
397 2596 474 2620 ann.
490 2586 561 2618 580.
