1774 3158
359 236 374 262 1
387 222 442 264 06
916 236 947 263 s.
987 235 1179 265 AMssnosn

350 323 468 362 nter,
507 312 539 355 si
570 312 612 354 in
641 327 708 355 me
740 313 937 370 aperuisti
960 329 1005 356 os
1042 322 1188 363 tuum,
1212 315 1276 357 fac
1307 314 1409 357 mihi
1441 323 1486 358 ut
1518 315 1620 359 exiit
1651 317 1704 359 de

352 400 453 427 »ore
478 393 563 426 tuo.
580 385 661 426 »Et
689 384 839 427 iterum
868 385 970 427 dixit
995 401 1035 427 z«
1049 385 1148 427 Sine
1175 401 1242 427 me
1265 387 1478 429 mensibus
1511 388 1701 438 (luobus,

350 464 421 497 »et
446 457 599 497 vadem
631 455 742 497 flebo
774 456 815 497 in
848 452 1062 498 montibus
1087 472 1212 514 super
1242 458 1525 514 virginitatem
1562 474 1704 501 meam

354 542 432 583 ego
463 536 505 569 et
532 542 749 584 compares
787 527 930 569 amicae
958 527 1102 568 meae'.
1125 546 1139 565 r»
1163 517 1308 584 'Itaque
1347 529 1509 570 duobus
1549 530 1705 572 exactis

352 611 535 653 regressa
554 597 784 644 mensibus,
799 595 994 638 sacrificii
1012 611 1164 638 munus
1184 597 1372 654 implevit
1393 613 1403 639 z
1424 613 1513 654 quae
1534 600 1705 641 decreto

351 667 495 723 populi
527 668 653 708 Israel
671 666 884 722 quaternis
912 666 954 707 in
973 681 1083 708 anno
1105 665 1252 709 diebus
1274 667 1324 708 ab
1352 666 1542 724 ejusdem
1573 669 1704 725 plebis

352 736 532 777 foeminis
561 737 873 792 deplorabatur.

409 806 454 848 L.
493 807 556 849 Ad
589 807 830 849 deflendum
863 807 987 864 igitur
1021 823 1104 848 suae
1139 808 1383 865 virginitatis
1415 809 1562 850 ssorcm
1598 810 1705 851 duos

354 884 413 918 sat
437 892 526 918 esse
549 892 711 920 menses
727 877 910 935 Jephthe
928 876 1010 918 filia
1033 877 1252 933 judicavit,
1273 887 1314 920 et
1337 879 1473 920 adhuc
1488 894 1569 919 non
1584 894 1707 920 vene-

353 956 417 988 rat
438 949 712 996 resurrec1i03
736 959 778 990 et
795 949 875 991 hoe
893 948 1026 1005 spatio
1047 949 1245 1006 temporis
1265 950 1364 991 satis
1386 950 1546 1007 pulavit
1565 967 1585 992 a
1603 965 1705 1006 pau-

352 1018 411 1059 cis
434 1034 476 1059 se
499 1034 588 1060 esse
609 1019 803 1061 defletam
826 1034 834 1061 :
857 1019 1073 1061 vobiscum
1097 1034 1241 1061 omnes
1263 1021 1405 1077 populi
1427 1020 1701 1068 defleverunt,

352 1102 497 1129 omnes
529 1089 828 1144 ingemuerunt
862 1088 1112 1146 provineiae;
1149 1098 1191 1130 et
1223 1091 1357 1131 adime
1392 1105 1516 1147 parva
1551 1089 1705 1147 putatis

352 1167 488 1200 vestra
510 1159 599 1201 haec
616 1175 705 1201 esse
723 1159 927 1217 supplicia
946 1159 963 1200 Ξ)
980 1159 1023 1201 Si
1040 1159 1212 1201 fratrem
1232 1170 1370 1201 vostro
1393 1161 1596 1202 redimeri¹
1619 1176 1706 1217 pos-

353 1228 449 1270 setis
472 1229 618 1277 exitio,
641 1232 770 1271 nollet
786 1239 926 1272 tamen
949 1229 1018 1271 ille
1039 1239 1170 1271 vostra
1193 1230 1416 1272 afflictione
1440 1231 1701 1278 resuscitari;

354 1299 446 1354 quia
471 1315 514 1341 se
537 1301 684 1342 melius
702 1300 839 1341 vivore
860 1300 1041 1341 credidit
1065 1301 1103 1340 in
1126 1301 1242 1341 vobis
1259 1333 1268 1347 ,
1293 1300 1360 1356 qui
1387 1302 1544 1357 optavit
1568 1302 1704 1357 polius

354 1386 396 1411 se
429 1371 564 1427 ipsum
590 1372 719 1420 mori,
746 1386 870 1427 quam
901 1366 1078 1412 veetram
1114 1372 1253 1412 videro
1281 1371 1503 1427 injuriam,
1537 1373 1605 1427 qui
1632 1387 1705 1428 pro

352 1440 468 1481 vobis
491 1457 533 1482 so
562 1442 740 1482 libenter
762 1442 838 1482 suit
861 1450 1028 1497 paratus
1053 1440 1227 1489 offerre,
1255 1441 1324 1496 qui
1359 1443 1446 1498 ipso
1477 1442 1604 1483 nostri
1629 1444 1704 1484 do-

350 1510 448 1551 loris
476 1512 542 1552 die
563 1511 715 1553 dicitur
741 1512 849 1553 hanc
882 1513 1010 1552 solam
1042 1511 1228 1552 omisisse
1253 1527 1396 1552 vocem
1420 1527 1428 1550 ε
1459 1512 1524 1553 ho
1545 1512 1704 1553 miseris

351 1581 564 1622 sororibus
599 1582 702 1622 meis
724 1582 732 1622 l
772 1583 916 1637 Itaque
960 1582 1090 1637 magis
1128 1590 1308 1622 vestrum
1350 1582 1664 1624 destitutionem
1691 1615 1700 1631 ‚

352 1665 475 1706 quam
500 1666 617 1692 suam
643 1661 823 1693 mortem
847 1652 1028 1693 dolebat.

409 1720 474 1762 LI.
514 1720 597 1762 Sed
627 1721 750 1762 audio
779 1736 849 1762 vos
878 1722 1045 1768 dolere,
1072 1722 1185 1776 quod
1213 1736 1295 1762 non
1323 1722 1534 1778 acceperit
1563 1737 1705 1764 sacra-

350 1799 490 1831 menta
524 1791 798 1847 baptismatis.
826 1791 962 1833 Dicite
993 1790 1096 1832 mihi
1130 1791 1229 1846 quid
1260 1791 1374 1833 alind
1409 1792 1448 1832 in
1472 1792 1595 1833 nobis
1618 1801 1701 1840 est,

350 1860 427 1901 nisi
450 1863 640 1902 voluntas
656 1893 666 1908 ‚
701 1861 776 1902 nisi
809 1861 987 1917 petitio?
1011 1861 1138 1917 Atqui
1161 1862 1292 1903 oliam
1326 1862 1486 1903 dudum
1512 1863 1592 1904 hoc
1618 1863 1704 1904 voti

350 1930 520 1978 habuit,
552 1939 660 1972 utet
691 1940 914 1987 antequam
941 1931 982 1972 in
1016 1931 1176 1973 Italiam
1212 1932 1414 1979 venisset,
1441 1932 1703 1981 initiaretur,

348 2007 389 2040 ot
408 2001 595 2056 proxime
614 2002 813 2058 baptizari
833 2017 875 2042 se
895 2018 913 2042 a
938 2016 1006 2042 me
1024 2002 1131 2042 velle
1151 2000 1426 2055 significavit;
1451 2011 1490 2043 ot
1510 2002 1602 2043 idco
1620 2019 1705 2059 proe

354 2071 518 2111 caeteris
542 2072 675 2113 causis
704 2088 769 2113 mo
799 2072 1099 2113 accersendum
1126 2071 1296 2128 putavit.
1333 2071 1422 2113 Non
1448 2072 1575 2114 habet
1606 2088 1704 2130 orgo

348 2140 552 2196 graiiam,
586 2157 711 2197 quam
741 2142 991 2194 desideravit
1017 2157 1026 2182 ε
1048 2157 1128 2182 non
1156 2141 1302 2189 habet,
1331 2157 1456 2198 quam
1481 2143 1704 2199 poposcit?

350 2209 477 2252 Certe
509 2212 604 2267 quia
636 2211 852 2268 poposcit,
886 2212 1061 2268 accepit.
1088 2212 1139 2253 Et
1161 2213 1273 2253 unde
1298 2212 1401 2254 illud
1420 2217 1483 2255 est
1502 2228 1512 2254 ε
1529 2213 1704 2256 «Justus

347 2296 647 2338 »quacumque
676 2290 811 2324 morte
840 2291 1074 2339 praeventus
1106 2282 1250 2330 fuerit,
1277 2283 1417 2325 anima
1440 2282 1532 2340 ejus
1556 2284 1597 2325 in
1633 2300 1703 2327 re-

348 2367 363 2388 n
379 2350 477 2406 quie
503 2351 619 2394 erit².
641 2371 654 2390 ι

409 2420 496 2463 LII.
535 2423 658 2465 Solve
674 2423 821 2480 igitur,
841 2422 963 2465 Pater
980 2431 1139 2471 sancte,
1165 2438 1318 2465 munus
1335 2439 1453 2465 servo
1473 2432 1566 2474 tuo,
1590 2425 1705 2482 quod

348 2489 526 2548 Moyses,
548 2493 642 2548 quia
667 2494 707 2535 in
730 2493 878 2550 spiritu
900 2493 1028 2541 vidit,
1055 2495 1219 2551 accepit
1246 2509 1255 2535 ε
1280 2493 1394 2550 quod
1419 2495 1577 2543 David,
1606 2495 1704 2552 quia

399 2579 406 2594 ¹
433 2571 540 2603 Judic.
565 2584 606 2608 xl.
625 2573 740 2615 35-57.
759 2591 799 2597 -—
814 2581 826 2594 ²
844 2575 919 2615 Sap.
935 2584 978 2610 nv,
997 2586 1027 2616 7.
