1774 3158
480 270 763 302 zms'romnnm
795 270 950 301 cLAsms
983 273 1009 301 ι.
1340 261 1427 313 433

81 432 1004 453 mbssfflssssmffissmmmmmmmmssmm
1011 440 1430 454 §mmmmm-fv}

489 570 756 615 EPISTOLA
787 572 973 616 XXXIV
996 572 1027 616 ⁴.

84 709 416 753 Horoncianum
432 728 491 754 an
506 713 681 762 anima,
706 713 758 755 de
774 729 861 769 qua
879 730 1018 770 prave
1036 716 1230 758 sentiunt
1249 717 1434 774 philoso-

134 783 232 837 phi,
254 782 429 824 caelestis
441 784 773 832 substantioesit,
798 794 1063 838 quaerentem
1080 787 1229 841 primo
1242 789 1431 829 remittit

140 850 199 891 ad
224 851 356 893 libros
368 851 545 900 Esdroe3
567 842 661 893 tum
674 853 939 911 dignitatem
952 856 1044 910 ejus
1058 855 1283 897 ostendens
1303 857 1435 899 Pauli

145 923 406 971 testimonio,
423 939 504 979 qua
531 924 702 964 racione
725 923 887 965 ibidem
916 925 1060 966 omnis
1081 935 1283 968 creatura
1318 930 1434 985 inge-

139 993 336 1042 miscere,
361 1008 413 1034 ac
430 1008 582 1036 rursus
607 994 831 1035 liberanda
848 1009 933 1036 esse
956 995 1133 1037 dicatur
1147 997 1350 1053 explicat.

382 1144 631 1186 Ambrosius
664 1144 924 1187 Horontiano
947 1146 1141 1189 salutem.

154 1292 183 1334 I.
211 1293 419 1343 QUAEsls'rl
443 1308 462 1333 a
485 1307 553 1334 me
577 1301 718 1334 utrum
755 1294 891 1335 anima
916 1295 1096 1336 coelestis
1129 1311 1218 1337 esse
1249 1296 1438 1340 videatur

87 1362 351 1410 substantiae;
381 1377 465 1403 non
496 1363 607 1404 enim
634 1372 703 1404 aut
724 1363 968 1419 sanguinem
1004 1365 1142 1420 (149),
1180 1375 1249 1406 aut
1276 1367 1431 1423 ignem,

82 1441 153 1475 aut
171 1447 394 1475 nervorum
416 1433 678 1474 harmoniam
703 1432 885 1474 animam
908 1442 1053 1489 putas,
1080 1442 1125 1475 ut
1155 1436 1298 1491 vulgus
1334 1437 1430 1493 phi-

78 1504 350 1560 losophorum
386 1503 714 1558 interpretatur:
741 1511 832 1549 aut,
865 1511 908 1543 ut
934 1504 1000 1544 illa
1031 1504 1203 1560 patricia
1240 1508 1433 1562 quaedam

83 1587 228 1613 eorum
255 1572 444 1629 prosapia
467 1572 651 1613 Platonis
675 1571 874 1628 disputat,
896 1573 1010 1628 quod
1042 1573 1176 1630 ipsum
1199 1589 1243 1615 se
1278 1585 1436 1623 movet,

81 1649 122 1683 et
144 1657 228 1683 non
249 1650 440 1683 movetur
464 1642 514 1682 ab
535 1642 630 1689 alio,
651 1641 736 1697 ipsa
753 1642 826 1682 tibi
847 1642 983 1683 anima
1008 1642 1173 1684 videtur
1193 1660 1202 1684 ε
1231 1646 1294 1686 vel
1318 1655 1433 1687 certe

85 1720 133 1752 ut
171 1711 414 1753 Aristoteles
438 1711 523 1753 acri
547 1710 714 1767 ingenio
755 1710 950 1766 quintum
992 1712 1206 1768 quoddam
1240 1714 1439 1756 elementi

85 1796 214 1837 genus
236 1781 427 1830 induxit,
459 1780 660 1838 probasti,
687 1780 729 1821 id
750 1788 811 1822 est
828 1784 1047 1837 ἐντελέχειαν,
1077 1797 1128 1823 ex
1155 1797 1240 1838 quo
1263 1798 1437 1842 compo-

85 1866 205 1893 neres
227 1861 268 1893 et
292 1852 405 1893 velut
430 1851 608 1908 fingeres
633 1851 780 1892 animae
805 1850 1100 1893 substantiam.

144 1922 195 1963 II.
221 1922 280 1963 De
299 1936 381 1977 quo
416 1921 490 1962 tibi
513 1921 653 1962 Esdrae
685 1921 841 1962 librum
863 1919 877 1940 ²
903 1921 1127 1977 legendum
1166 1922 1337 1972 suadeo,
1365 1925 1436 1980 qui

86 2002 128 2033 et
151 1992 239 2033 illas
262 1991 608 2048 philosophorum
629 2006 757 2048 nugas
771 1992 1029 2048 despexerit;
1050 2001 1091 2034 et
1110 1992 1313 2036 abditiore
1332 2011 1434 2052 pru-

87 2062 242 2111 dentia,
269 2077 394 2119 quam
419 2064 643 2119 collegerat
668 2078 716 2104 ex
740 2063 1015 2112 revelatione,
1055 2065 1344 2120 perstrinxerit
1367 2081 1436 2108 eas

87 2133 327 2175 substantiae
345 2148 434 2175 esse
451 2133 688 2190 superioris.

144 2202 216 2246 ΙΙΙ.
254 2202 478 2260 Apostolus
502 2217 668 2259 quoque
689 2202 764 2244 etsi
788 2217 871 2244 non
894 2217 1101 2259 expresse,
1123 2211 1264 2245 tamen
1289 2204 1437 2247 intelli-

87 2276 272 2332 gendum
287 2274 407 2316 nobis
428 2273 611 2329 reliquit,
642 2273 759 2329 quasi
780 2273 916 2314 bonus
939 2274 1151 2330 magister,
1177 2283 1220 2315 et
1241 2275 1437 2331 spiritalis

89 2344 285 2402 agricola,
305 2344 481 2386 occultis
504 2343 704 2385 doctrinae
726 2344 956 2385 seminibus
992 2344 1177 2386 excitans
1204 2345 1437 2403 discipulo-

88 2431 183 2457 rum
205 2415 387 2472 ingenia,
412 2415 524 2470 quod
541 2413 688 2455 animae
709 2422 860 2456 nostrae
882 2413 1054 2471 potioris
1084 2423 1289 2457 creaturae
1325 2416 1436 2466 sint,

89 2494 131 2528 et
152 2486 374 2543 cujusdam
396 2484 744 2541 praestantissimae
762 2494 935 2527 naturae.
959 2483 1066 2526 Cum
1079 2485 1191 2527 enim
1204 2485 1321 2535 dicit,
1336 2486 1436 2543 quia

139 2599 147 2615 ¹
171 2589 301 2632 Scripta
317 2589 401 2623 circa
417 2599 495 2624 ann.
507 2589 580 2631 387.
600 2606 638 2615 —
655 2598 669 2614 ¹
686 2589 759 2622 Hoc
769 2588 839 2624 loco
855 2588 1017 2624 iudicatur
1029 2588 1114 2622 liber
1125 2594 1258 2634 quartus
1277 2588 1399 2622 Esdrae.

244 2659 323 2688 mn.
1276 2644 1328 2685 28
