1774 3158
324 227 337 254 1
349 213 402 270 78
872 225 905 253 s.
945 224 1139 253 AMBRosu

316 314 453 347 ratore
464 304 694 346 sublimem
708 334 719 350 ,
743 316 790 344 ac
807 316 892 344 non
911 303 1089 360 amplius
1113 301 1242 344 fidem
1258 336 1268 351 ‚
1298 317 1423 359 quam
1451 318 1548 345 vere
1566 317 1670 346 con-

317 375 401 417 scia
423 374 562 416 meriti
584 374 644 415 tui
666 382 807 415 mente
829 373 992 423 dixisti,
1028 389 1154 430 quam
1183 375 1306 416 docet
1337 383 1376 416 te
1409 374 1478 416 ille
1494 407 1504 424 ,
1544 388 1671 431 quem

316 459 402 486 non
429 443 589 501 negas?
614 443 719 495 Quis
749 443 862 484 enim
894 443 996 485 alius
1023 446 1176 485 docere
1204 451 1244 485 te
1266 443 1429 500 potuit,
1457 451 1505 484 ut
1526 442 1563 484 ei
1586 457 1671 484 non

316 513 490 568 objicias
505 546 514 562 ,
536 527 663 569 quam
685 513 726 554 in
749 521 789 554 te
813 512 950 561 vides,
992 511 1260 554 creaturam?
1296 512 1408 554 Nihil
1437 512 1636 573 moralius
1659 544 1670 560 ,

318 582 423 624 nihil
445 583 679 640 expressius
702 582 784 624 dici
807 582 967 639 potuit3
992 591 1230 625 creaturam
1251 582 1363 623 enim
1382 569 1596 624 Christum
1617 581 1674 623 ‹li-

320 668 436 700 cere,
460 667 536 709 pro
561 652 734 709 objectu
758 652 1024 694 contumeliae
1058 661 1146 699 est,
1181 666 1266 692 non
1291 666 1368 708 pro
1411 650 1674 706 confessione

321 723 582 765 reverentiae.
602 722 765 764 Deinde
789 721 891 778 quid
923 730 1008 763 tam
1024 721 1208 762 insolens
1227 754 1236 769 ,
1256 736 1381 778 quam
1395 721 1437 764 id
1454 736 1551 763 eum
1566 721 1675 763 exis-

320 793 493 841 timare,
511 793 625 849 quod
650 775 738 834 noa*
759 791 933 833 sumus?
956 792 1144 833 Docuisti
1184 792 1308 848 igitur
1328 806 1419 840 me,
1460 807 1481 834 a
1515 806 1599 848 quo
1637 799 1677 833 te

319 864 480 906 discere
497 865 602 906 velle
623 862 834 920 profiteris
861 878 869 903 :
897 862 1003 905 nihil
1037 863 1116 904 tale
1150 861 1288 904 adhuc
1324 861 1430 919 legi,
1470 861 1574 904 nihil
1596 862 1678 904 tale

321 934 471 975 audivi.

381 1004 427 1046 V.
466 1004 604 1055 Quam
627 1003 742 1059 pium
765 1010 905 1045 autem
937 1002 1069 1051 illud,
1105 1017 1230 1059 quam
1267 1002 1536 1051 admirabile,
1567 1003 1681 1059 quod

322 1075 363 1115 in
389 1073 477 1115 Deo
500 1088 585 1114 non
611 1073 762 1114 vereris
786 1071 986 1113 invidiam
1014 1072 1022 1112 1
1054 1072 1115 1113 De
1139 1073 1262 1114 Patre
1296 1072 1680 1114 remunerationem

322 1159 399 1201 pro
417 1143 511 1184 Filii
531 1157 673 1183 amore
702 1141 938 1197 praesuiJiiS,
962 1149 1004 1182 et
1035 1142 1248 1182 laudando
1275 1141 1428 1182 Filium
1445 1174 1455 1189 ,
1480 1157 1563 1183 non
1580 1142 1618 1183 ci
1643 1150 1681 1183 te

323 1228 445 1270 posse
469 1212 624 1268 aliquid
648 1212 800 1252 addere
823 1209 1032 1268 profiteris
1058 1226 1066 1251 :
1095 1212 1168 1252 sed
1192 1212 1297 1252 velle
1320 1219 1366 1252 ut
1403 1211 1529 1253 etiam
1570 1210 1684 1252 Patri

326 1292 366 1325 te
388 1282 482 1325 Filii
512 1282 809 1339 praedicatione
837 1281 1121 1322 commendes.
1161 1280 1288 1332 Quod
1317 1281 1460 1338 utique
1497 1283 1609 1323 solus
1642 1290 1681 1322 te

327 1353 473 1394 docuit
498 1353 593 1401 ille,
621 1352 691 1408 qui
716 1351 817 1394 dixit
848 1367 855 1392 :
876 1351 992 1402 «Qui
1015 1365 1083 1392 me
1112 1351 1271 1407 diligit,
1299 1351 1493 1409 diligetur
1511 1366 1531 1392 a
1556 1352 1678 1393 Patre

329 1422 496 1465 »meo¹.
527 1441 541 1460 »

388 1491 456 1534 VI.
493 1490 704 1534 Addidisti
728 1493 779 1534 ad
802 1492 891 1534 haec
910 1523 921 1540 ,
945 1491 1043 1549 quia
1066 1499 1109 1533 tu
1139 1489 1329 1533 infirmus
1353 1499 1393 1532 et
1422 1490 1574 1548 fragilis
1597 1503 1685 1532 non

334 1572 374 1605 te
396 1563 520 1605 talem
547 1563 808 1604 laudatorem
824 1562 1023 1619 putabas,
1058 1570 1102 1602 ut
1129 1560 1400 1602 Divinitatem
1434 1560 1571 1620 verbis
1610 1574 1687 1600 au-

332 1649 427 1691 geas
454 1648 462 1674 :
491 1634 563 1674 sed
587 1642 791 1689 quantum
834 1634 965 1689 possis
1003 1631 1227 1690 praediceS,
1267 1646 1354 1672 non
1383 1639 1586 1687 quantum
1626 1638 1689 1673 est

333 1704 419 1760 ipsa
441 1702 659 1745 Divinitas.
689 1702 787 1744 Haec
810 1701 1029 1744 infirmitas
1050 1701 1091 1742 in
1122 1700 1290 1743 Christo
1308 1700 1454 1743 fortior
1475 1709 1554 1749 est,
1576 1700 1689 1742 sicut

334 1783 376 1816 et
396 1774 621 1830 Apostolus
641 1773 745 1815 dixit
771 1788 811 1814 :«
827 1774 932 1814 Cum
952 1772 1145 1814 infirmor
1163 1805 1173 1821 ‚
1207 1781 1310 1815 tunc
1337 1780 1486 1830 potens
1503 1769 1639 1814 sum².
1663 1788 1679 1810 n

335 1844 432 1886 Haec
460 1843 674 1886 humilitas
697 1843 884 1885 excludit
906 1843 1187 1900 fragilitatem.

395 1912 485 1957 VII.
524 1913 698 1956 Veniam
721 1915 844 1971 plane
868 1947 877 1962 ,
913 1922 955 1955 et
985 1913 1217 1962 festinabo,
1251 1920 1296 1953 ut
1333 1911 1481 1968 jubes;
1520 1920 1568 1953 ut
1600 1909 1690 1953 haec

338 1999 520 2043 praesens
545 1984 735 2033 audiam,
765 1993 812 2027 ut
833 1984 922 2027 haec
944 1999 1124 2042 praesens
1149 1985 1284 2041 legam
1300 2016 1310 2032 ,
1339 1998 1434 2026 cum
1455 1998 1505 2025 ex
1528 1992 1598 2025 tuo
1619 1997 1692 2023 ore

339 2056 589 2113 procedunt.
617 2055 707 2097 Misi
730 2064 868 2097 autem
892 2056 995 2097 duos
1017 2054 1181 2097 libellos
1196 2087 1207 2103 ,
1245 2069 1425 2111 quorum
1442 2053 1527 2110 jam
1545 2086 1555 2102 ,
1596 2053 1693 2110 quia

340 2135 422 2167 tuae
445 2125 677 2167 clementiae
701 2135 798 2168 sunt
820 2125 1012 2183 probati,
1037 2123 1275 2182 periculum
1300 2139 1384 2166 non
1408 2123 1586 2166 verebor
1611 2137 1622 2164 ε
1642 2121 1694 2164 de

340 2196 500 2253 Spiritu
519 2210 616 2238 vero
629 2196 797 2238 interim
816 2195 979 2238 veniam
997 2195 1213 2252 scriptioni
1229 2204 1342 2252 peto;
1356 2194 1554 2251 quoniam
1566 2207 1692 2251 quem

272 2267 284 2276 “
337 2267 524 2324 judicem
543 2267 626 2308 mei
652 2267 729 2309 sim
752 2266 957 2309 sermonis
979 2266 1223 2316 habiturus,
1252 2265 1413 2323 agnovi.
1646 2256 1649 2257 ⁷

399 2336 506 2379 VIII.
546 2337 719 2379 Interim
741 2344 882 2379 tamen
905 2337 1108 2379 sententia
1134 2346 1176 2379 et
1199 2336 1301 2379 fides
1326 2345 1396 2379 tua
1423 2337 1475 2379 de
1509 2334 1690 2378 Domino

337 2415 379 2450 et
402 2406 617 2450 Salvatore
653 2408 903 2466 deprofmpta
925 2409 976 2450 de
993 2407 1070 2450 Dei
1092 2407 1199 2451 Filio
1218 2440 1228 2456 ‚
1248 2409 1458 2450 redundat
1480 2408 1532 2449 ad
1552 2422 1688 2469 Q?-

337 2476 494 2519 tionem
518 2476 799 2541 ubfflimam,
822 2492 900 2536 per
924 2492 1051 2535 quam
1073 2477 1206 2522 sancti
1230 2493 1397 2535 quoque
1420 2477 1599 2535 Spiritus
1620 2477 1695 2522 Di-

354 2528 464 2543 ‘s—

378 2571 387 2589 ¹
407 2567 505 2599 Joan.
524 2577 590 2604 xm
607 2578 661 2602 αι.
684 2584 725 2592 -
744 2577 757 2593 ·
778 2579 795 2601 a
813 2568 890 2602 Cor.
904 2579 965 2606 xu,
984 2579 1030 2601 10.
