1774 3158
379 272 429 297 nn
464 268 555 295 rme
589 265 952 299 1·.1=.5k‘1‘.1fflC's10.le‚
989 267 1067 293 ιω.
1107 267 1148 294 11.
1391 256 1441 308 73

104 354 274 410 probata
296 351 382 393 Deo
402 345 608 389 successio
630 343 751 386 fovet.
773 343 949 392 «Nolite,
970 345 1105 400 inquit
1120 379 1129 393 ‚
1149 345 1317 393 seduci,
1337 346 1448 387 Deus

108 437 220 463 »non
245 416 498 463 deridetur¹.
515 435 529 453 n

161 491 246 533 CH.
281 488 550 534 Advertimus
572 500 695 542 quam
721 499 843 542 grave
868 484 918 525 sit
946 484 1209 540 sacrilegium
1243 500 1450 526 resurree-

104 562 258 602 tionem
279 575 360 600 non
380 558 577 604 credere3
606 556 637 597 si
664 555 775 596 enim
794 569 877 595 non
896 553 1172 610 resurgimus,
1195 569 1291 609 ergo
1312 553 1451 594 Chris·

110 640 175 672 tus
193 630 319 688 gratis
336 637 524 671 mortuus
541 625 642 674 est²‚
657 640 754 682 ergo
774 625 964 666 Christus
976 639 1058 664 non
1074 624 1263 665 surrexit.
1282 623 1323 665 Si
1343 625 1453 665 euim

110 700 229 742 nobis
259 715 339 740 non
358 696 605 742 resurrexit,
631 696 775 751 utique
799 709 880 736 non
908 694 1159 741 resurrexit,
1187 693 1255 750 qui
1279 693 1357 734 sibi
1380 708 1456 734 cur

105 779 363 827 resurgeret,
402 783 485 809 non
518 767 713 808 habebat.
748 766 990 808 Resurrexit
1013 765 1052 806 in
1076 780 1125 806 eo
1148 766 1332 806 mundus
1353 799 1364 814 ,
1396 781 1456 808 re-

99 841 290 882 ·surrexit
315 840 357 882 in
380 854 429 881 eo
447 839 598 880 eoelum
617 869 627 885 ,
658 837 884 878 resurrexit
907 835 948 877 in
984 850 1033 877 eo
1064 843 1200 884 terra;
1240 836 1319 878 erit
1347 837 1458 878 enim

117 913 267 953 coelum
291 925 444 953 novum
461 942 471 958 ,
490 917 531 951 et
547 917 656 950 terra
675 921 778 948 nova
795 905 824 948 ³.
845 905 932 948 Sibi
955 913 1094 947 autem
1113 906 1185 947 ubi
1208 915 1297 948 erat
1320 922 1460 949 neces-

107 981 213 1023 saria
224 980 494 1027 resurrectio,
517 992 641 1034 quem
662 977 808 1017 mortis
821 976 985 1018 vincula
1006 990 1090 1016 non
1111 975 1336 1017 tenebant?
1354 976 1457 1018 ‘Nam

105 1052 180 1092 etsi
199 1052 432 1093 secundum
450 1048 664 1091 hominem
678 1055 892 1094 mortuus,
913 1046 954 1087 in
974 1045 1071 1103 ipsis
1088 1053 1228 1087 tamen
1246 1055 1335 1088 erat
1351 1046 1458 1088 liber

108 1120 291 1162 infernis.

167 1190 273 1232 CIII.
313 1190 382 1231 Vis
405 1189 510 1231 seire
533 1203 656 1244 quam
680 1186 816 1228 liber?
850 1188 1030 1227 «Factus
1060 1200 1153 1226 sum
1184 1185 1290 1227 sicut
1326 1185 1452 1226 homo

109 1279 122 1298 »
137 1260 226 1301 siue
250 1259 458 1315 adjutorio
482 1291 491 1305 ‚
516 1259 625 1299 inter
652 1266 841 1299 mortuos
862 1256 971 1298 liber
991 1254 1046 1296 ¹¹.»
1061 1255 1111 1296 Et
1131 1256 1237 1296 beno
1254 1256 1377 1304 iiber,
1392 1257 1461 1311 qui

109 1345 152 1371 se
167 1338 332 1386 poterat
347 1330 550 1371 suscitare
562 1361 571 1376 ,
591 1328 705 1383 juxta
719 1329 831 1382 quod
851 1327 1053 1382 scriptum
1071 1333 1155 1367 est:
1173 1343 1187 1362 <1
1202 1326 1358 1366 Solvite
1375 1325 1458 1366 hoc

107 1401 337 1457 »templum
353 1434 364 1449 ‚
384 1407 426 1442 et
444 1400 483 1440 in
503 1400 642 1440 triduo
662 1397 923 1440 resuscitabo
947 1396 1093 1438 illud⁵.
1113 1396 1194 1437 »Et
1214 1397 1321 1438 bene
1338 1396 1464 1446 liber,

108 1470 179 1526 qui
198 1469 297 1511 alios
317 1471 591 1511 descenderat
612 1469 922 1525 redempturus.
943 1466 1097 1508 Factus
1115 1475 1176 1507 est
1195 1474 1333 1507 autem
1352 1465 1461 1507 sicut

107 1541 232 1582 homo
249 1573 258 1587 ‚
287 1555 369 1581 non
393 1539 531 1597 specie
553 1538 700 1594 utique
717 1570 725 1585 ,
755 1537 828 1579 sed
852 1537 1029 1578 veritate
1048 1536 1275 1583 formatus3
1303 1535 1396 1590 quia
1422 1543 1463 1576 et

107 1611 234 1653 homo
257 1618 345 1659 est,
366 1618 406 1651 et
433 1609 523 1665 quis
539 1616 772 1665 cognoscet
794 1606 921 1648 eum?
941 1606 1105 1648 Etenim
1120 1623 1134 1643 «
1149 1605 1199 1646 In
1219 1605 1460 1646 similitudi-

107 1695 232 1721 »nem
256 1680 475 1721 hominum
500 1679 632 1720 factus
649 1711 658 1725 ,
685 1687 726 1720 et
751 1679 890 1734 specie
913 1677 1107 1718 inventus
1132 1684 1178 1717 ut
1210 1675 1363 1723 homo,
1390 1675 1464 1717 hu-

109 1767 126 1789 »
140 1750 314 1791 miliavit
327 1750 614 1804 semetipsum,
634 1748 768 1789 factus
787 1747 986 1789 obediens
999 1744 1446 1803 usqueadmortem⁶30

108 1827 156 1860 ut
179 1834 253 1875 per
275 1819 387 1859 illam
411 1817 572 1859 scilicet
595 1817 879 1858 obedientiam
905 1816 996 1872 ejus
1015 1816 1187 1873 gloriam
1206 1816 1458 1863 videremus,

119 1888 331 1929 «Gloriam
356 1888 471 1943 quasi
504 1887 714 1943 Unigeniti
740 1902 760 1927 a
785 1885 932 1928 Patre⁷
962 1904 977 1923 υ
1000 1887 1233 1927 secundun]
1259 1887 1461 1926 Joannem

106 1968 310 2001 sanetum.
334 1959 392 2000 ita
411 1958 524 2000 enim
544 1958 775 2015 Scripturae
798 1957 931 2014 figura
954 1965 1158 2004 servatur,
1184 1965 1228 1997 ut
1251 1965 1291 1997 et
1310 1957 1460 2012 L'nige-

107 2030 182 2072 niti
206 2030 333 2087 gloria
347 2063 355 2077 ,
376 2037 415 2071 et
433 2029 607 2087 perfecti
632 2029 815 2070 hominis
832 2037 982 2070 natura
1003 2035 1191 2069 servetur
1210 2027 1251 2068 in
1276 2027 1456 2069 Christo.

167 2098 273 2142 CIV.
310 2100 456 2156 Itaque
487 2099 681 2156 adjutore
715 2114 798 2140 non
821 2098 935 2155 eguit
964 2113 972 2138 :
1009 2113 1147 2154 neque
1169 2097 1283 2138 enim
1307 2098 1421 2155 eguit
1447 2130 1457 2146 ‚

109 2185 207 2212 cum
230 2169 386 2212 faceret
409 2168 644 2217 mundum;
669 2178 714 2210 ut
734 2178 875 2225 egeret
896 2184 993 2210 eum
1022 2168 1268 2209 redimeret.
1294 2168 1386 2210 Non
1406 2169 1468 2209 le-

108 2248 226 2297 gatus
243 2272 253 2288 ,
277 2255 361 2282 non
384 2240 572 2289 nuntius,
598 2241 671 2281 sed
689 2240 776 2296 ipse
793 2239 998 2280 Dominus
1021 2239 1184 2280 salvum
1207 2237 1307 2279 fecit
1333 2253 1430 2279 eum
1453 2255 1461 2278 :

125 2311 246 2368 «Ipse
275 2311 401 2359 dixit,
429 2318 471 2352 et
494 2310 599 2353 facta
617 2310 756 2352 sunt⁸.
779 2328 794 2349 u
823 2311 922 2366 Ipse
945 2309 1154 2350 Dominus
1178 2309 1337 2350 salvum
1372 2308 1470 2349 secit

120 2394 216 2421 eum
237 2395 246 2421 ε
272 2380 430 2437 ubique
462 2380 549 2438 ipse
566 2412 578 2429 ,
611 2380 708 2438 quia
729 2394 803 2439 per
827 2379 963 2439 ipsum
982 2377 1165 2423 omnia⁹.
1203 2378 1308 2430 Quis
1332 2386 1470 2422 autem

159 2492 167 2507 ¹
199 2483 307 2515 Galat.
337 2494 382 2523 vr,
410 2495 440 2527 7.
466 2501 506 2507 -
535 2490 546 2503 ³
571 2493 583 2514 1
608 2482 688 2516 Cor.
719 2493 773 2519 xv,
810 2483 860 2515 13.
894 2500 934 2507 —
955 2483 968 2505 ³
1001 2482 1101 2524 Apoc.
1128 2490 1197 2519 xxi,
1232 2490 1257 2515 ι.
1285 2497 1321 2505 --
1345 2481 1356 2503 ⁶
1387 2479 1472 2516 Psr'.

110 2548 254 2575 mxxvii,
273 2538 304 2569 5.
323 2555 360 2563 -
379 2539 390 2560 ⁵
409 2537 504 2570 Joan.
531 2547 567 2573 u,
594 2547 644 2583 ¹9·
661 2554 701 2563 --
717 2538 732 2559 ⁶
759 2536 882 2583 Phiiip,
905 2547 940 2574 ιι,
970 2548 1000 2580 7,
1025 2535 1057 2574 S.
1079 2553 1118 2565 —
1139 2542 1150 2565 7
1171 2534 1268 2578 Joan-
1307 2544 1329 2577 Ξ,
1359 2534 1395 2578 ¹4
1423 2552 1462 2562 v·-

113 2592 227 2632 -flt’szd-
246 2602 347 2631 ugni,
374 2603 408 2639 9.
429 2610 466 2619 -υ
484 2600 498 2624 ε
515 2591 746 2641 GoloSS.1,17.
