1774 3158
346 260 396 285 DE
429 259 550 285 ont'rt‘
588 258 884 286 vALtss‘rtNthl
919 261 1187 289 Coxsom'rto.
1361 262 1430 291 101

99 335 291 376 omnibus
320 350 362 376 se
391 335 557 382 obtulit,
594 336 735 377 dicens
765 338 875 392 quod
909 337 1058 379 frustra
1091 340 1244 381 innoxii
1278 341 1314 382 in
1342 342 1443 383 iuvi·

98 405 206 446 diam
231 413 504 451 vocarentur,
538 407 649 460 quod
680 406 827 447 frustra
862 417 1034 462 propter
1067 424 1108 450 se
1140 411 1205 451 alii
1230 412 1442 467 periclita-

97 474 439 530 renturzsibique
456 477 593 530 potins
612 485 790 517 mortem
817 477 1002 533 optabat,
1026 493 1077 518 ne
1097 479 1182 535 ipse
1208 482 1294 523 aliis
1318 498 1440 524 causa

94 543 239 584 mortis
264 553 383 585 esset.
413 544 502 586 Iloc
528 553 589 585 est
620 545 723 586 illud
751 545 1048 601 Evangelicum
1081 548 1245 589 Domini
1282 551 1320 590 in
1358 552 1441 608 ipsa

94 613 156 653 sui
174 613 366 669 captione
384 613 558 654 dicentis
581 629 620 655 :a
641 614 682 655 Si
701 630 765 655 me
783 615 981 670 quaeritis,
1002 616 1123 657 sinite
1143 617 1218 658 hos
1239 620 1395 662 abire'.
1418 641 1432 659 ι)

95 682 261 724 Occidit
284 682 424 738 itaque
445 699 519 739 pro
544 685 738 726 omnibus
766 700 869 740 quos
890 685 1105 743 diligebat,
1126 701 1201 743 pro
1219 702 1301 743 quo
1321 690 1442 730 amici

93 752 155 793 sni
177 767 324 809 parum
348 754 566 809 putabant,
593 754 624 795 si
646 769 789 796 omnes
815 755 1013 811 perirent.

150 823 350 865 XXXVI.
388 824 656 866 Advertimus
682 841 806 881 quem
827 827 937 868 circa
957 826 1112 868 amicos
1132 842 1228 869 suos
1251 827 1445 871 habuerit

93 893 294 941 animum,
315 909 440 949 quem
459 910 557 952 erga
575 911 791 952 germanas
813 912 904 938 suas
918 897 1113 938 habuerit
1133 897 1328 939 affectum
1348 913 1444 940 con·

92 963 336 1005 sideremus.
364 965 410 1005 In
435 964 530 1021 ipsis
549 966 855 1021 requiescebat,
883 967 922 1007 in
946 967 1043 1024 ipsis
1067 983 1109 1009 se
1130 969 1440 1017 consolabatur,

92 1032 132 1074 in
154 1032 250 1089 ipsis
272 1034 484 1075 relaxabat
509 1035 713 1084 animum,
739 1045 780 1077 ct
802 1036 904 1078 sessa
930 1038 1040 1078 curis
1064 1039 1190 1079 corda
1211 1039 1437 1080 mulcebat.

105 1102 277 1159 legabat
310 1118 392 1152 eas,
430 1113 474 1145 ut
505 1105 537 1145 si
572 1120 655 1161 quo
683 1106 872 1162 pueritiae
902 1123 985 1148 sure
1016 1109 1150 1164 lapsu,
1187 1108 1220 1149 si
1248 1124 1443 1150 sermone

2 1222 4 1230 k
36 1196 40 1202 ·
91 1172 227 1227 aliquo
261 1172 428 1214 offensae
461 1188 480 1214 a
511 1173 636 1215 fratre
665 1175 922 1224 viderentur,
959 1177 1238 1233 ignoscerent,
1277 1178 1440 1219 veniam

90 1241 167 1282 sibi
187 1256 207 1282 a
223 1242 402 1284 Domino
421 1243 508 1285 Deo
523 1245 862 1300 deprecarentur.
885 1246 1046 1295 Manus,
1071 1247 1440 1303 capitaffsororibus

90 1312 381 1361 osculabatur,
412 1314 637 1355 immemor
665 1315 855 1372 imperii,
880 1331 1044 1358 memor
1065 1317 1348 1373 germanitatis
1369 1332 1379 1359 ε
1400 1326 1442 1358 et

89 1391 245 1436 quanto
269 1383 399 1439 magis
424 1383 512 1424 aliis
539 1386 754 1440 potestatis
772 1385 865 1441 jure
887 1395 1118 1442 praestaret,
1140 1386 1220 1427 hoc
1244 1402 1287 1428 se
1310 1388 1439 1444 magis

90 1454 291 1495 humilem
315 1454 527 1496 sororibus
555 1455 790 1498 exhibebat.
824 1457 1015 1514 Rogabat
1038 1466 1084 1499 ut
1109 1472 1192 1499 non
1223 1458 1441 1499 meminis-

89 1533 180 1566 sent
201 1524 386 1578 injuriae,
410 1526 701 1568 meminissent
724 1527 877 1583 gratiae.

145 1594 367 1638 XXXVII.
406 1595 631 1637 Acciderat
650 1605 694 1638 ut
716 1598 928 1652 quoddam
950 1597 1000 1639 de
1016 1612 1160 1639 earum
1179 1597 1439 1655 possessione

89 1665 250 1706 audiret
277 1665 514 1722 negotium3
552 1674 692 1708 tantus
722 1667 832 1708 enim
866 1677 978 1715 erat,
1013 1677 1058 1709 ut
1085 1668 1210 1708 etiam
1243 1668 1282 1708 in
1316 1683 1439 1709 causa

87 1751 276 1777 sororum
300 1751 443 1792 aequus
468 1737 552 1778 sore
575 1737 727 1778 arbiter
750 1753 769 1777 a
792 1738 1117 1793 provincialibus
1136 1739 1436 1780 aestimaretur:

87 1806 199 1861 quod
221 1806 297 1847 etsi
321 1805 434 1847 circa
461 1815 624 1847 sanctas
649 1807 977 1849 necessitudines
1000 1823 1092 1848 suas
1121 1807 1324 1848 charitate
1346 1823 1440 1864 pro-

86 1877 314 1933 penderet,
349 1885 487 1918 tamen
516 1877 713 1933 pietatem
741 1893 855 1919 suam
880 1877 1037 1932 justitia
1063 1886 1327 1934 temperaret.
1355 1877 1440 1919 Au-

88 1947 188 1988 divit
210 1947 425 2003 negotium
455 1962 538 1988 non
576 1949 625 1989 de
656 1948 766 2004 jure,
800 1950 873 1989 sed
902 1950 952 1989 de
981 1948 1240 2005 possessione
1273 1947 1432 2004 praedii.

85 2016 191 2057 llinc
216 2017 348 2074 pietas
372 2033 447 2074 pro
475 2018 706 2066 sororibus,
726 2017 823 2059 inde
849 2018 1136 2059 misericordia
1161 2033 1235 2073 pro
1259 2017 1435 2074 orphani

87 2103 211 2129 causa
233 2088 445 2135 certabat:
470 2096 514 2129 ut
533 2103 608 2144 pro
627 2104 675 2129 eo
699 2090 808 2145 apud
832 2089 939 2145 ipsas
962 2089 1231 2130 interveniret
1253 2103 1431 2130 sorores.

84 2159 256 2200 Remisit
281 2160 333 2201 ad
354 2159 539 2215 judicem
565 2160 783 2216 publicum
818 2159 1051 2216 negotium,
1079 2175 1131 2201 ne
1160 2168 1230 2201 aut
1253 2159 1341 2215 jus,
1367 2167 1438 2200 aut

84 2229 282 2285 pietatem
307 2229 491 2271 laederet.
517 2230 712 2271 Privatim
740 2238 896 2277 tamen,
921 2239 1124 2285 quantum
1147 2245 1198 2271 ex
1222 2229 1437 2286 proposito

87 2299 287 2340 nobilium
314 2300 550 2356 puellarum
583 2300 860 2347 advertimus,
894 2300 1009 2356 pium
1043 2300 1196 2341 sanctis
1222 2299 1437 2341 sororibus

86 2368 293 2424 impressit
317 2368 536 2418 affectum;
562 2378 607 2411 ut
629 2370 891 2412 concedendi
915 2369 1059 2427 praedii
1084 2370 1342 2411 voluntatem
1368 2368 1440 2409 ha·

87 2438 257 2485 bcrent,
288 2438 490 2481 indicium
523 2440 685 2482 darent.
723 2440 831 2482 Vere
869 2441 1002 2496 dignae
1037 2447 1152 2481 tanto
1190 2439 1317 2480 fratre
1350 2453 1439 2493 ger-

86 2523 217 2549 manze
247 2507 358 2564 (56),
391 2524 483 2565 quae
505 2509 546 2552 id
569 2511 682 2566 quod
712 2519 848 2552 mater
879 2509 956 2552 sibi
988 2509 1238 2566 reliquerat,
1270 2508 1440 2549 mallent

132 2597 140 2610 ¹
164 2587 370 2627 Joan.x=·1n‚
387 2590 415 2619 8.
