1774 3158
273 261 361 312 424
826 278 858 305 S.
898 277 1089 306 manosu

272 351 587 401 turbationem,
625 362 668 396 et
700 354 913 398 charitate
937 357 1108 399 fundata
1141 367 1342 415 augeatur
1379 358 1421 401 in
1448 359 1629 402 Domino

271 422 390 470 Jesu,
416 431 457 464 et
483 423 677 466 universo
696 425 886 481 acquirat
908 426 1216 468 incrementum
1241 429 1421 486 corpori.

333 492 409 534 XI.
447 494 545 536 Haec
571 503 633 536 est
658 496 794 538 anima
816 497 907 546 illa,
931 513 1058 553 quarn
1102 497 1187 540 Lex
1211 500 1472 542 demonstrat
1492 499 1568 542 tibi
1589 500 1631 542 in

274 564 415 620 specie
442 565 630 607 mulieris
655 567 776 610 bonae
801 602 811 617 ‚
840 584 965 625 quam
982 570 1013 610 si
1041 569 1193 612 videris
1216 571 1255 612 in
1278 573 1441 628 praeda,
1471 580 1512 613 et
1536 586 1633 612 con-

276 633 458 691 cupieris
479 636 672 693 accipere
691 637 730 678 in
750 654 923 680 uxorem
943 640 1017 680 tibi
1047 655 1087 680 :c
1112 640 1293 682 Induces
1309 674 1319 689 ,
1346 641 1480 698 inquit
1496 674 1505 689 ‚
1539 656 1631 683 eam

274 702 348 743 »in
373 704 546 746 domum
573 706 723 755 tuam';
742 717 817 750 »ut
841 717 925 750 tota
953 709 989 750 ei
1009 710 1248 752 committas
1264 711 1461 753 interiora
1484 703 1633 753 domus

273 780 378 820 tuae,
398 775 589 817 omnium
602 785 772 819 tuorum
785 778 992 821 viscerum
1010 781 1315 837 possessionem
1329 813 1341 831 ,
1362 782 1525 823 auferas
1541 780 1632 838 ejus

273 845 484 900 superflua
500 879 509 893 ,
528 849 702 890 tondeas
720 850 883 906 lapsus;
905 859 946 892 et
967 852 1172 893 novacula
1192 867 1275 892 non
1299 851 1395 894 satis
1413 860 1533 893 acuta
1549 884 1559 899 ‚
1582 867 1634 893 ne

272 913 398 956 faciat
425 916 593 964 dolum,
633 926 802 960 tuarum
826 921 994 962 exuvias
1034 922 1301 978 passionum,
1337 932 1462 979 atque
1489 922 1633 964 inanes

272 998 418 1026 sensus
441 987 618 1028 recidas.
646 989 745 1029 Ideo
771 989 826 1030 ait
852 1005 894 1031 :a
913 990 1049 1032 Rades
1085 991 1175 1046 ejus
1213 1000 1363 1048 caput3
1385 1007 1497 1048 »quo
1520 993 1633 1033 nulla

275 1056 492 1098 obstacula
512 1059 726 1115 patiantur
738 1059 850 1102 oculi
865 1061 1062 1117 sapientis
1077 1095 1087 1110 ,
1105 1062 1174 1118 qui
1199 1071 1296 1104 sunt
1314 1063 1353 1103 in
1373 1063 1509 1120 capite
1524 1062 1629 1118 ejus.

289 1125 365 1166 «Et
390 1129 574 1176 sedebit,
601 1129 759 1185 inquit,
788 1130 955 1187 triginta
980 1131 1129 1172 diebus
1149 1132 1188 1172 in
1207 1134 1333 1173 domo
1360 1131 1456 1172 tua²
1478 1147 1635 1188 ,npec-

276 1206 366 1238 cata
381 1200 560 1256 propriae
577 1202 799 1258 deplorans
813 1202 1057 1249 nativitatis,
1079 1211 1119 1244 et
1133 1212 1372 1244 commenta
1392 1203 1636 1259 nequissimi

275 1269 402 1323 patris
429 1271 604 1320 diaboli,
627 1272 697 1327 qui
724 1273 810 1314 vult
839 1286 1123 1330 congregare,
1149 1288 1240 1329 quae
1259 1288 1343 1315 non
1363 1272 1598 1330 generavit³
1622 1290 1632 1321 ;

274 1346 322 1378 ut
340 1338 466 1394 hujus
496 1342 659 1398 mystici
679 1343 844 1384 numeri
870 1342 1169 1400 purificatione
1190 1345 1396 1386 mundata
1415 1377 1425 1393 ,
1449 1343 1634 1400 conjugii

275 1410 412 1452 claves
442 1412 712 1468 adipiscatur.

336 1481 431 1524 XII.
465 1483 516 1524 Et
539 1484 716 1540 pulchre
746 1485 800 1526 ait
826 1485 1032 1527 :apostea
1061 1484 1235 1527 intrabis
1258 1486 1310 1527 ad
1332 1500 1449 1533 eam3
1472 1493 1548 1527 »ut
1572 1493 1636 1527 to-

278 1559 343 1593 tus
382 1552 627 1609 ingrediaris
663 1555 704 1595 in
736 1555 917 1596 animam
950 1564 1089 1603 tuam,
1130 1564 1253 1611 atque
1287 1555 1397 1597 intra
1426 1556 1556 1612 ipsam
1598 1565 1636 1597 te

278 1622 479 1677 colligas,
523 1633 564 1664 et
600 1625 641 1664 in
675 1639 723 1666 ea
757 1625 946 1673 habites,
990 1626 1102 1683 apud
1142 1640 1235 1667 eam
1268 1626 1568 1674 commoreris,
1595 1628 1636 1668 in

279 1691 366 1748 ipsa
389 1692 462 1733 tibi
487 1694 539 1735 sit
560 1694 697 1736 omnis
715 1696 1000 1745 conversatio;
1026 1704 1073 1737 ut
1091 1696 1143 1737 sis
1167 1711 1251 1737 non
1270 1695 1310 1737 in
1338 1710 1484 1744 carne,
1509 1696 1637 1737 sedin

280 1763 454 1819 spiritu,
487 1772 530 1805 et
569 1779 779 1822 proponas
822 1766 1053 1823 adjungere
1077 1781 1168 1807 eam
1193 1766 1268 1807 tibi
1293 1767 1344 1807 ad
1377 1765 1637 1807 consortium

280 1834 393 1881 vitre,
419 1835 556 1877 sciens
577 1836 776 1891 quoniam
806 1837 1142 1878 communicabit
1170 1845 1311 1878 tecum
1342 1835 1393 1876 de
1423 1836 1571 1885 bonis;
1597 1843 1639 1877 et

279 1905 524 1961 perfunctus
535 1905 625 1963 ejus
640 1907 771 1963 gratia
784 1907 896 1949 dicas
914 1922 922 1948 :
941 1926 955 1945 (ι
970 1907 1079 1949 Puer
1095 1915 1235 1948 autem
1250 1902 1363 1949 eram
1379 1906 1636 1963 ingeniosus,

281 1985 352 2017 »et
370 1977 541 2018 sortitus
560 1992 652 2018 sum
671 1977 850 2019 animam
875 1978 1030 2020 bonam
1045 1977 1073 2019 ¹⁸.
1094 1996 1108 2015 n
1123 1978 1175 2019 Et
1189 1978 1255 2019 illa
1269 1977 1344 2018 tibi
1361 1977 1635 2034 respondeat:

290 2064 306 2083 «
330 2047 552 2089 Assumam
572 2057 636 2097 te,
662 2057 704 2090 et
721 2049 922 2090 inducam
945 2057 986 2090 te
1008 2048 1049 2090 in
1074 2049 1249 2090 domum
1271 2046 1416 2088 matris
1440 2062 1543 2088 meae
1561 2079 1572 2095 ,
1598 2055 1641 2087 et

278 2119 350 2160 »in
373 2128 585 2161 secretum
603 2119 720 2175 ejus,
742 2135 835 2176 quae
857 2135 925 2161 me
948 2119 1190 2176 concepit⁵.
1211 2120 1355 2162 »Bona
1377 2126 1511 2160 mater
1549 2117 1639 2160 ani-

275 2203 440 2230 marum
465 2189 725 2232 Hierusalem
752 2191 819 2232 illa
838 2223 847 2238 ,
873 2205 966 2247 quae
990 2190 1032 2232 in
1051 2190 1159 2231 coelo
1180 2197 1255 2231 est.

336 2260 452 2302 XIII.
478 2260 568 2302 Erit
586 2275 684 2318 ergo
706 2268 893 2318 uxortua
910 2293 919 2309 ‚
941 2268 983 2302 et
1005 2260 1224 2302 inveniens
1242 2269 1283 2302 te
1305 2257 1633 2301 osculabiturte.

292 2332 375 2373 «Et
410 2332 441 2372 si
472 2341 615 2389 postea
649 2331 914 2390 displicuerit
941 2330 1065 2380 tibi⁶3
1092 2349 1106 2369 n
1136 2330 1250 2387 quod
1287 2329 1463 2386 castiget
1485 2343 1639 2385 corpus

275 2416 421 2449 suum,
455 2409 497 2443 et
514 2402 703 2443 servituti
742 2401 928 2458 redigat,
964 2416 1049 2442 non
1078 2400 1249 2458 patieris
1270 2413 1362 2441 eam
1385 2398 1567 2444 servire,
1597 2397 1640 2439 id

274 2479 359 2517 ost,
388 2471 674 2528 voluptatibus
709 2471 900 2529 corporis
917 2503 926 2520 ‚
954 2486 1033 2513 uec
1053 2470 1252 2527 subjicies
1271 2484 1363 2512 eam
1397 2468 1514 2511 carni
1533 2501 1544 2517 ,
1566 2467 1641 2510 sed

327 2573 334 2586 ¹
354 2565 450 2595 Deut.
471 2569 646 2599 xx1.11,et
665 2574 798 2607 seqq.——
815 2571 826 2586 ¹
850 2564 957 2596 Eccle.
978 2575 1014 2598 11.
1033 2563 1123 2601 ι4.-
1148 2565 1161 2587 ³
1177 2564 1304 2597 Jerem-
1319 2572 1400 2602 xvn,
1422 2571 1517 2594 ιι.-
1531 2562 1546 2588 ⁴
1561 2560 1638 2602 Sap-

280 2628 350 2656 vni,
375 2630 422 2661 ¹9·
441 2637 478 2643 —
498 2621 509 2641 ⁶
530 2619 627 2651 Cant.
649 2629 701 2658 ιιι,
718 2619 749 2656 [ι.
766 2636 805 2643 -
821 2620 834 2640 ὅ
854 2619 951 2651 Deut.
969 2629 1034 2657 axi,
1055 2617 1104 2656 ¹4·
