1774 3158
517 233 801 266 Episrommm
833 233 992 263 cLAssxs
1025 235 1054 263 1.
1389 217 1412 261 3
1423 233 1437 260 1
1449 218 1472 261 5

123 316 223 374 priae
258 315 438 374 hospitio
471 314 624 356 mentis
655 313 845 370 recipere
877 312 1033 354 meruit
1058 311 1262 354 visionem
1305 311 1475 370 Angeli,

118 387 364 429 mandatum
388 385 548 430 tenuit,
587 385 807 426 oraculum
850 382 1052 441 implevit.
1079 382 1165 425 Nec
1193 391 1335 424 tamen
1354 397 1474 439 passa

119 455 208 497 sine
229 455 315 497 viro
335 455 442 497 scire
464 455 529 496 vel
550 453 787 495 Divinitatis
811 461 1020 494 secretum
1036 485 1046 500 ,
1072 452 1297 494 insinuavit
1321 454 1472 495 marito

119 526 250 567 visum
275 525 350 566 sibi
371 525 586 567 hominem
604 524 678 566 Dei
693 557 703 572 ,
730 524 929 580 praeclara
957 523 1095 579 specie
1111 555 1121 571 ‚
1148 522 1298 564 suturae
1317 523 1472 564 sobolis

119 595 321 636 serentem
347 595 516 636 oracula
537 609 545 635 :
569 608 650 650 qua
683 592 987 649 pollicitatione
1017 608 1059 633 se
1081 608 1124 634 se
1147 592 1346 634 fidentem
1376 607 1475 634 cum

119 665 300 721 conjuge
324 664 448 706 fidem
475 665 777 721 promissorum
803 663 1037 705 coelestium
1060 663 1325 720 participare.
1350 664 1477 714 Quod

118 734 191 775 ubi
209 734 438 791 comperit,
460 735 527 791 pie
552 734 689 775 Deum
722 741 918 789 precatus
945 732 1102 780 oravit3
1127 741 1171 774 ut
1206 732 1283 773 sibi
1307 746 1475 788 quoque

117 805 285 846 visionis
307 804 397 861 ejus
415 805 545 860 gratia
568 804 842 851 tribueretur,
867 803 1012 844 dicens
1033 818 1041 843 :
1059 821 1074 840 α
1091 802 1157 844 Ad
1175 817 1258 851 me,
1276 801 1471 851 Domine,

119 873 334 930 »Angelus
364 874 503 914 veniat
529 873 666 914 tuus¹.
684 892 697 911 n

176 944 273 985 XII.
317 945 435 985 Unde
459 959 536 999 ego
561 943 765 989 arbitror,
787 958 870 984 non
893 943 985 984 zelo
1005 941 1215 990 mulieris,
1243 956 1335 998 quae
1369 949 1477 983 esset

119 1013 358 1070 spectabilis
372 1012 713 1069 pulchritudInis,
728 1013 885 1068 aliquid
897 1028 993 1055 eum
1008 1021 1247 1070 suspectum
1260 1011 1472 1058 habuisse,

119 1093 164 1124 ut
188 1083 386 1139 quidam²
411 1083 663 1123 existimavit
685 1098 693 1123 :
716 1085 787 1124 sed
812 1083 942 1139 magis
956 1083 1105 1124 divinae
1120 1083 1208 1123 zelo
1226 1082 1366 1138 gratiae
1382 1097 1473 1138 pro-

118 1163 339 1207 vocatum,
377 1162 628 1209 conspectus
667 1154 774 1194 sacri
796 1153 981 1195 voluisse
1006 1152 1247 1210 participari
1280 1167 1469 1194 munere.

120 1223 263 1279 Neque
281 1223 393 1264 enim
422 1223 530 1264 vitiis
554 1223 680 1263 animi
698 1239 824 1280 prave
849 1223 1023 1264 affectus
1046 1255 1055 1270 ‚
1079 1231 1235 1264 tantam
1261 1224 1369 1279 apud
1386 1222 1473 1263 Do-

118 1293 280 1334 minum
310 1292 533 1334 invenisset
552 1293 727 1349 gratiam
744 1327 753 1342 ,
778 1301 822 1334 ut
843 1294 1028 1350 Angelus
1057 1294 1096 1334 in
1111 1293 1201 1349 ejus
1221 1294 1393 1334 domum
1407 1307 1474 1333 re-

119 1371 353 1405 verteretur
380 1379 387 1405 :
414 1350 669 1420 quiinonitis
694 1365 740 1405 iis
763 1379 854 1420 quae
876 1381 975 1406 usus
989 1364 1471 1422 oraculipostulavisset,

119 1435 257 1476 subito
282 1434 462 1476 ssammae
485 1434 747 1475 vehementis
768 1436 952 1476 elevatus
972 1435 1132 1491 specie,
1153 1450 1195 1476 se
1224 1450 1266 1476 se
1294 1435 1467 1491 recepit.

118 1505 166 1545 Id
188 1504 506 1545 formidolosum
529 1504 617 1544 viro
633 1536 642 1553 ‚
666 1504 817 1544 mulier
844 1504 1053 1545 salubrius
1078 1505 1351 1562 interpretata
1373 1537 1384 1552 ,
1430 1504 1471 1544 in

119 1575 317 1631 gaudium
345 1574 494 1621 vertit,
531 1582 655 1629 atque
686 1574 841 1614 ademit
880 1571 1234 1622 sollicitudinen13
1273 1591 1321 1616 eo
1359 1575 1475 1630 quod

119 1657 417 1700 prosperorum
443 1643 663 1688 indicium,
688 1658 772 1683 non
786 1643 1095 1684 adversantium
1112 1644 1467 1685 sitviseroDeum.

177 1713 292 1754 XIII.
323 1713 494 1754 Talibus
517 1728 538 1753 e
560 1714 666 1753 coelo
694 1714 1015 1753 commendatus
1041 1713 1274 1770 insignibus
1297 1714 1367 1754 ubi
1387 1714 1472 1771 pri-

120 1797 236 1822 mum
261 1782 444 1823 adolevit
465 1815 474 1829 ‚
499 1782 697 1838 conjugio
731 1791 917 1823 mentem
942 1783 1141 1831 intendit,
1170 1785 1255 1825 sive
1273 1785 1385 1840 quod
1408 1799 1474 1824 va-

121 1867 213 1908 gam
253 1867 300 1893 ac
331 1852 577 1893 familiarem
616 1852 940 1893 adolescentulis
973 1853 1222 1895 abhorreret
1255 1854 1392 1894 animo
1416 1855 1475 1895 lu-

121 1922 248 1963 bricae
263 1922 446 1963 libidinis
466 1923 817 1964 consuetudinem
846 1938 854 1964 ε
882 1924 968 1964 sive
991 1924 1084 1980 quia
1109 1925 1193 1980 jam
1220 1939 1341 1966 causa
1362 1939 1476 1980 quze-

121 1994 292 2033 rebatur
307 2025 318 2041 ,
343 1995 700 2049 quemadmodum
721 2009 740 2034 a
762 1994 995 2036 cervicibus
1019 1996 1151 2051 plebis
1171 2011 1253 2036 suae
1272 2005 1479 2037 averteret

119 2063 434 2105 Palaestinorum
457 2065 708 2120 potentiam,
727 2063 915 2120 duraque
930 2066 1117 2121 imperia.
1144 2065 1324 2122 Pergcns
1343 2066 1484 2122 itaque

121 2133 161 2174 in
185 2133 467 2175 Thamnatam
499 2134 614 2185 (urbi
640 2134 722 2175 hoc
745 2149 899 2175 nomeu
924 2135 1048 2176 estin
1074 2136 1150 2176 illis
1175 2136 1318 2192 positae
1349 2137 1451 2177 locis
1468 2169 1478 2185 ‚

122 2219 213 2260 qnae
238 2212 339 2246 tunc
359 2205 557 2262 temporis
581 2205 901 2246 Palaestinorum
928 2206 1077 2247 incolis
1115 2207 1480 2263 frequentabatur)

120 2274 324 2330 virginem
350 2275 540 2332 aspexit,
565 2286 679 2332 grata
703 2277 866 2333 specie,
894 2285 936 2318 et
971 2278 1091 2318 vultu
1118 2279 1276 2319 decoro
1298 2295 1308 2326 ;
1334 2287 1376 2319 et
1418 2295 1489 2336 pa·

122 2354 262 2386 rentes
317 2346 508 2403 proprios
524 2379 534 2394 ,
570 2361 750 2402 quorum
792 2348 997 2389 comitatu
1022 2348 1152 2389 fultus
1189 2348 1458 2405 gradiebatur
1474 2382 1485 2398 ,

122 2415 255 2457 oravit
276 2424 323 2456 ut
343 2431 435 2457 eam
459 2417 500 2458 in
524 2416 771 2473 conjugium
801 2419 878 2459 sibi
902 2427 1137 2475 poscerent.
1168 2418 1322 2461 Verum
1342 2419 1400 2460 illi
1420 2419 1483 2460 in·

169 2527 177 2540 ¹
195 2518 304 2549 Judic.
326 2530 394 2553 xut.
412 2520 446 2557 S,
463 2526 493 2552 et
510 2531 601 2563 seqq.
617 2538 657 2545 —
675 2530 687 2544 ²
716 2521 848 2564 Joseph.
867 2522 980 2565 Antiq.
998 2522 1053 2554 lib.
1071 2533 1100 2557 v,
1117 2531 1188 2564 cap.
1211 2533 1259 2554 10.
1277 2540 1317 2545 --
1337 2523 1351 2544 ³
1374 2502 1482 2554 Judic.

125 2582 189 2611 xiv,
216 2582 241 2608 ι,
257 2577 289 2604 et
307 2583 396 2616 seqq.
