1774 3158
0 586 42 613 ‘fin
56 578 71 596 2¹

0 628 30 651 us
71 647 74 652 .

0 652 81 682 ‹te-w}

0 709 25 746 le.

0 767 45 802 ῑνέι·

0 2078 53 2103 ’ω
64 2067 76 2094 ί

478 205 757 234 131‘1ST011ARUM
793 206 949 234 CLASSIS
983 208 1006 233 1.
1356 198 1435 239 285

92 283 224 326 miens
242 282 409 326 videbat
429 285 643 341 mysteria,
665 300 754 341 qua)
773 285 945 341 vigilans
962 300 1048 327 non
1071 286 1245 335 viderat,
1267 288 1317 330 de
1334 290 1440 330 etulo

94 355 145 397 ad
167 363 295 397 terras
315 359 451 397 aerem
471 356 659 412 pervium
678 356 843 397 sanctis¹
857 389 866 404 ,
883 356 1172 411 respicientem
1193 357 1437 407 Dominum,

94 434 134 467 et
174 426 442 482 pollicentem
484 434 602 468 terrae
643 426 732 483 ejus
777 427 1094 483 possessionem.
1143 428 1286 484 ltaque
1323 430 1439 471 brevi

93 509 239 537 somno
272 496 482 537 dormiens
518 497 778 553 impetravit,
812 498 924 552 quod
955 511 1106 552 magno
1134 498 1278 539 labore
1300 507 1441 555 postca

94 565 312 620 acquisivit
347 566 567 608 haereditas
606 566 709 623 ejus.
746 567 819 608 Est
854 567 965 608 enim
998 582 1168 608 somnus
1200 577 1442 611 sanctorum

90 635 259 678 feriatus
284 636 334 677 ab
358 637 552 679 omnibus
575 637 762 694 eorporis
780 638 1079 694 voluptatibus,
1108 639 1157 679 ab
1178 640 1293 680 omni
1315 640 1441 681 animi

92 698 423 764 perturbatione,
455 709 797 765 tranquillitatem
820 709 951 750 menti
979 709 1195 757 invehens,
1222 711 1443 766 placidita-

93 786 180 820 tem
202 779 372 828 animae3
400 787 444 821 ut
465 788 663 835 tauquam
687 781 821 822 soluta
844 795 953 821 nexu
977 780 1163 837 corporis
1188 795 1230 822 se
1259 781 1436 829 ablevet,

95 856 137 890 et
158 848 326 891 Christo
350 849 572 891 adhaereat.

154 919 201 963 V.
237 920 314 962 Hic
342 929 403 962 est
424 936 595 963 somnus
614 921 694 963 vita
718 929 978 970 sanctorum,
1002 937 1128 978 quam
1150 922 1313 964 vivebat
1331 938 1447 966 sanc-

97 999 161 1032 tus
185 990 412 1039 Acholius,
447 991 568 1048 cujus
599 992 822 1033 benedicta
845 992 972 1034 etiam
1008 1001 1214 1035 senectus.
1256 993 1347 1051 Ipsa
1387 1003 1449 1037 est

95 1075 192 1102 vere
211 1070 403 1104 senectus
427 1062 494 1103 illa
517 1062 766 1103 venerabilis
783 1061 815 1110 ²,
833 1078 923 1118 quaa
937 1077 1020 1104 non
1039 1063 1152 1104 canis
1167 1095 1177 1111 ,
1201 1065 1272 1105 sed
1291 1063 1450 1105 meritis

97 1131 294 1180 albescit;
320 1147 365 1173 oa
385 1141 446 1173 est
468 1133 579 1173 enim
598 1135 826 1174 reverenda
849 1133 1022 1175 canities
1039 1167 1048 1182 ‚
1073 1149 1163 1189 quae
1187 1142 1248 1175 est
1276 1134 1448 1176 canities

97 1202 266 1250 animae,
293 1203 333 1244 in
358 1203 471 1244 canis
492 1203 818 1260 cogitationibus
832 1212 871 1245 et
893 1204 1088 1260 operibus
1106 1204 1322 1261 effulgens.
1345 1204 1450 1256 Quae

96 1282 158 1315 est
178 1272 398 1314 enimvero
416 1281 513 1314 aetas
536 1273 790 1321 senectutis,
813 1274 891 1314 nisi
914 1273 993 1314 vita
1019 1273 1330 1321 iinmaculata³‚
1358 1289 1450 1329 quae

97 1357 181 1384 non
202 1342 349 1384 diebus
374 1351 445 1384 aut
472 1343 710 1391 mensibus,
736 1345 810 1385 sed
834 1345 995 1385 saeculis
1028 1353 1297 1401 propagatur,
1330 1344 1450 1400 cujus

96 1412 184 1455 sine
207 1413 290 1455 fine
313 1421 374 1455 est
403 1414 679 1463 diuturnitas,
711 1415 799 1455 sine
823 1414 1039 1456 debilitate
1062 1415 1298 1470 longaevitas
1321 1414 1452 1465 PQuo

96 1485 208 1526 enim
240 1484 495 1532 diuturnior,
531 1498 581 1525 eo
620 1483 800 1525 sortior:
832 1493 873 1525 et
905 1500 988 1540 quo
1022 1485 1175 1526 diutius
1207 1499 1298 1526 eam
1326 1484 1452 1526 vitam

97 1556 268 1605 vixerit,
294 1571 343 1598 eo
365 1555 510 1598 fortius
534 1556 576 1597 in
597 1555 730 1596 virum
757 1555 992 1612 perfectum
1015 1555 1231 1597 excrescit.

155 1627 224 1669 VI.
257 1626 392 1683 Hujus
416 1625 542 1683 igitur
577 1640 864 1667 successoren]
898 1633 937 1666 te
969 1625 1171 1666 Dominus
1204 1639 1288 1666 non
1318 1626 1453 1666 solum

97 1698 280 1746 honore,
319 1697 391 1738 sed
417 1696 542 1737 etiarn
578 1695 768 1736 moribus
794 1694 971 1751 probet,
1010 1702 1051 1735 et
1083 1709 1245 1735 summa
1278 1694 1454 1735 fundare

99 1768 292 1823 dignetur
319 1766 477 1823 gratia;
502 1774 548 1806 ut
576 1767 626 1806 ad
665 1773 703 1805 te
733 1779 901 1821 quoque
923 1764 1067 1820 populi
1095 1772 1371 1812 concurrant,
1405 1765 1456 1804 de

97 1838 251 1895 quibus
274 1838 415 1879 dicas:
444 1836 559 1887 «Qui
583 1844 679 1877 sunt
701 1835 790 1883 isti,
816 1835 885 1891 qui
910 1835 1016 1876 sicut
1041 1835 1204 1876 nebulae
1224 1835 1389 1881 volant,
1411 1842 1454 1875 et

99 1929 114 1950 n
129 1910 238 1952 sicut
256 1909 463 1950 colnmbae
487 1923 583 1949 cum
606 1908 732 1964 pullis
750 1906 860 1948 suist
882 1905 899 1946 Ξ)
923 1924 936 1943 υ
959 1905 1139 1947 Veniant
1162 1921 1330 1962 quoque
1349 1904 1458 1946 sicut

98 1995 223 2022 naves
244 1979 412 2030 Tharsis
429 2011 438 2026 ,
462 1993 552 2034 quae
579 1977 788 2033 accipiant
810 1976 1068 2017 frumentun]
1085 2009 1094 2023 ‚
1120 1977 1233 2032 quod
1255 1975 1454 2016 Salomon

72 2055 74 2058 '
99 2047 616 2106 verusimpertivitviginti
635 2062 852 2088 mensuras
876 2046 1002 2087 tritici
1019 2045 1050 2086 ⁵.
1073 2046 1294 2101 Accipiant
1319 2045 1458 2085 oleum

101 2131 142 2164 et
163 2120 407 2178 sapientiam
433 2118 683 2166 Salomonis,
711 2127 752 2159 et
774 2117 825 2159 sit
849 2132 928 2174 pax
955 2117 1064 2157 inter
1082 2125 1136 2163 te,
1164 2124 1204 2157 et
1232 2116 1453 2172 populum,

102 2200 143 2235 et
164 2199 461 2235 testamentum
482 2189 595 2247 pacis
613 2189 838 2232 custodias.
863 2187 980 2235 Vale,
1002 2187 1145 2235 frater,
1165 2196 1206 2228 et
1224 2202 1299 2228 nos
1318 2186 1456 2243 dilige3

101 2263 199 2322 quia
221 2270 263 2304 et
288 2269 421 2303 noste
445 2260 666 2316 diligimus.

149 2375 158 2388 ¹
180 2366 264 2396 Gen.
300 2374 414 2400 xxviii,
447 2363 493 2395 13.
521 2379 562 2386 —-
587 2372 599 2386 ²
621 2362 697 2405 Sap.
721 2371 766 2401 iv,
785 2361 818 2394 8.
838 2378 877 2385 —
898 2359 1015 2393 ³1bid.
1043 2371 1075 2403 9.
1094 2376 1131 2384 -
1152 2359 1257 2390 ⁴Isa'1‘.
1289 2369 1339 2398 m,
1369 2360 1398 2390 S.
1418 2377 1458 2383 —

105 2419 119 2443 ⁵
140 2428 156 2449 2
173 2415 275 2449 Paral.
299 2426 342 2453 ix,
361 2426 412 2447 21.
