1774 3158
507 215 790 245 EPISTOLARUM
824 215 981 244 CLASSIS
1014 216 1041 243 1.
1375 217 1455 258 207

114 362 911 379 mmmmmmwsmwwmmmm
918 362 1465 376 §mmmmm-mmmmm

588 473 852 518 EPISTOLA
886 474 939 517 VI
956 474 968 496 ¹
978 506 987 516 .

127 615 234 657 Cum
262 613 448 670 Syagrio
475 610 590 666 quod
608 609 838 652 Indiciam
861 611 1179 652 contumeliosae
1205 613 1460 669 inspectioni

173 683 385 725 sententia
401 688 480 722 ssia
491 681 732 730 addioeiset‚
750 679 1014 721 Ambrosius
1030 681 1170 722 amice
1186 683 1426 736 empostulat
1441 701 1455 730 ,-

175 754 295 807 eique
317 749 640 792 atrocissimam
660 749 893 796 ultionem,
914 764 1047 803 (luam
1064 736 1280 791 Israelita}
1300 750 1349 792 ob
1371 766 1396 792 υ
1406 753 1461 791 ἰο-

142 852 143 855 =
178 822 314 863 latam
345 821 388 860 in
415 819 574 859 Levitoe
597 832 732 858 uxore
753 819 998 859 castitatem
1014 821 1339 874 repetiverunt,
1364 830 1464 860 ante

173 891 313 932 oculos
334 903 519 945 ponens,
548 898 681 928 totam
704 888 768 928 rei
790 888 947 929 seriem
963 888 1182 945 eleganter
1209 888 1427 931 describit.

563 1024 812 1065 Ambrosius
830 1023 1016 1081 Syagrio.

179 1166 207 1206 l.
245 1164 346 1215 QuAE
371 1163 450 1204 sint
473 1162 514 1203 in
536 1169 679 1202 nostro
703 1160 862 1217 judicio
890 1162 1067 1201 decursa
1085 1193 1095 1209 ,
1126 1169 1340 1217 comperta
1364 1161 1465 1203 reti-

121 1249 219 1281 nes3
241 1242 282 1274 et
303 1232 395 1273 ideo
415 1245 529 1272 nunc
549 1231 665 1286 quasi
690 1230 836 1271 animae
860 1230 1096 1286 portionem
1120 1231 1326 1272 convenio
1344 1246 1462 1278 meae,

121 1302 276 1343 habens
302 1303 414 1357 apud
450 1309 487 1341 te
518 1315 592 1356 pro
623 1299 822 1340 castitatis
854 1300 1110 1340 contumelia
1142 1300 1389 1341 familiarem
1426 1308 1467 1341 et

121 1372 330 1412 deientem
349 1371 576 1426 querclam.
605 1371 736 1409 ita—ne
756 1368 943 1424 oportuit
967 1368 1172 1410 inoratam
1198 1378 1323 1425 atque
1345 1370 1468 1410 inau-

123 1442 249 1482 ditam
274 1439 518 1493 virginitatis
556 1453 723 1479 causam
755 1438 988 1493 adjudicari
1007 1471 1016 1486 ,
1043 1447 1089 1479 ut
1124 1454 1207 1479 non
1238 1439 1367 1494 possit
1393 1440 1468 1480 ab·

122 1509 254 1552 solvi?
278 1510 366 1550 Hoc
383 1518 469 1556 est,
495 1509 571 1549 nisi
600 1523 672 1548 sna
707 1507 856 1562 injuria
876 1539 885 1557 ,
912 1508 990 1548 nisi
1021 1509 1071 1549 ab
1104 1508 1281 1549 honesto
1309 1510 1471 1565 pudore

124 1580 365 1620 traducatur
388 1579 438 1618 ad
460 1577 702 1618 indecoram
726 1577 787 1617 sui
811 1577 1000 1633 corporis
1018 1577 1297 1625 oblationem,
1314 1578 1470 1634 grande

124 1649 315 1689 videlicet
337 1648 517 1687 relatura
539 1647 601 1687 sui
623 1646 905 1687 testimonium
924 1679 932 1694 ,
956 1654 999 1686 ut
1017 1656 1248 1702 exponatur
1264 1647 1465 1692 ludibrio,

123 1727 163 1760 et
185 1717 450 1775 procacitatis
469 1724 649 1757 notetur.
668 1716 784 1757 Hanc
803 1716 930 1771 igitur
946 1717 1262 1772 praerogativam
1286 1717 1471 1759 detulisti

129 1788 374 1844 integritati,
411 1786 653 1841 hujusmodi
690 1784 1081 1835 honorificentiam,
1107 1801 1188 1842 qua
1212 1802 1254 1828 se
1288 1787 1471 1828 lacessiri

126 1866 199 1898 'aut
221 1856 382 1897 invitari
412 1856 641 1911 gaudeant,
665 1869 756 1910 quae
788 1854 868 1895 hoc
896 1868 1049 1895 munus
1082 1855 1370 1911 recipiendum
1393 1871 1472 1912 pu-

131 1934 240 1973 tant3
267 1933 312 1966 ut
343 1925 534 1966 amittant
560 1924 794 1964 libertatem
830 1923 1068 1965 communis
1105 1925 1362 1974 assertionis,
1394 1941 1473 1968 nee

130 2011 172 2037 se
197 1996 290 2051 jure
324 2002 519 2034 tueantur
541 1994 605 2033 vel
640 2001 793 2049 sanctae
817 1991 941 2048 legis,
970 1994 1033 2034 vel
1070 1993 1241 2049 publico
1260 2027 1268 2040 ‚
1306 2002 1354 2035 ut
1387 2009 1471 2036 non

131 2072 418 2106 accusatorem
438 2062 596 2118 exigat,
618 2076 701 2102 non
727 2061 1017 2102 arcersitorem
1039 2069 1185 2116 urgeat
1205 2077 1214 2103 ι
1240 2063 1314 2103 sed
1335 2063 1475 2120 impu-

131 2134 312 2176 dentiam
331 2134 459 2175 solam
478 2133 648 2181 induat,
675 2146 722 2172 ac
745 2146 833 2172 sese
858 2129 1054 2186 projiciat
1073 2131 1124 2171 ad
1148 2130 1374 2186 injuriam?
1424 2148 1427 2150 ·

189 2205 238 2246 11.
278 2204 368 2246 Non
391 2204 443 2244 ita
469 2201 647 2257 majores
670 2201 800 2242 nostri
821 2199 1120 2256 despicabilem
1154 2200 1366 2243 habebant
1388 2217 1477 2244 cas·

133 2275 348 2316 timoniam
367 2305 377 2322 ,
401 2272 470 2314 cui
494 2279 656 2329 tantum
679 2270 924 2312 deferebant
950 2268 1192 2311 reverentiae
1207 2303 1217 2320 ‚
1246 2279 1293 2312 ut
1318 2271 1477 2313 bellum

135 2345 351 2385 adversum
374 2349 645 2383 temeratores
673 2339 887 2396 pudicitiae
916 2338 1230 2396 suscipiendum
1262 2350 1474 2399 putarent.

133 2413 322 2470 Denique
343 2420 504 2454 tantum
527 2410 604 2453 suit
632 2409 799 2453 ultionis
833 2409 1046 2458 studium,
1064 2417 1111 2452 ut
1137 2412 1478 2455 omnes-tribules

183 2524 190 2538 ¹
213 2514 339 2557 Scripta
356 2524 431 2546 ann.
449 2513 526 2546 circ.
542 2512 614 2543 31²0.
