1774 3158
303 235 385 276 232
864 245 896 272 s·
937 245 1125 273 ΑΜΒΒοειι

302 320 548 365 recitabitur
562 353 571 369 ,
585 321 617 363 si
637 320 710 363 tihi
726 321 905 364 videtur.
925 321 960 364 A
977 321 1184 379 principio
1204 323 1330 365 habet
1350 324 1647 382 blasphemias,

300 394 437 435 solum
474 393 641 435 Patrem
677 401 882 435 aeternum
912 393 1026 435 dixit.
1062 393 1104 434 Si
1137 393 1210 435 tibi
1245 394 1409 437 videtur
1431 397 1541 452 quod
1577 397 1653 439 Dei

300 463 430 506 Filius
450 463 729 520 sempiternus
746 479 829 506 non
843 464 917 513 sit,
939 464 1018 506 hoc
1038 464 1173 521 ipsum
1193 467 1549 520 quemadmodum
1569 468 1650 516 vis,

301 541 439 574 astrue
466 547 475 573 ε
504 532 536 573 si
564 532 850 574 damnandum
885 542 1024 590 putas,
1048 534 1212 575 damna.
1241 535 1515 592 Evangelium
1549 553 1652 594 prze-

301 619 395 645 sens
413 611 498 651 est,
519 602 797 660 etApostolus
811 636 822 652 ,
836 618 981 646 omnes
994 604 1221 661 Scripturae
1239 615 1388 662 praesto
1405 616 1513 649 sunt.
1536 609 1652 650 Unde

299 674 359 716 vis
382 682 520 715 astrue
537 706 547 722 ,
573 674 604 715 si
633 683 753 731 putas
777 689 860 717 non
883 691 973 717 esse
994 675 1070 716 Dei
1091 675 1246 717 Filium
1269 676 1587 733 sempiternum.

360 742 426 786 VI.
465 743 673 785 Palladius
710 744 811 786 dixit
837 759 846 785 z
875 744 1021 787 Vestro
1055 746 1192 787 studio
1232 745 1389 788 factum
1425 755 1509 795 est,
1545 747 1653 790 sicut

303 813 413 856 dicta
436 813 561 855 lectio
589 829 706 855 sacra
732 829 751 855 a
785 815 902 856 vobis
932 816 1119 872 prolata,
1144 823 1190 857 ut
1222 831 1307 857 non
1331 824 1438 858 esset
1460 819 1652 873 generale

301 893 346 926 et
361 884 534 941 plenum
557 883 784 926 concilium
804 885 1071 927 :absentibus
1093 886 1358 928 consortibus
1382 886 1559 937 nostris,
1576 901 1652 928 nos

300 955 557 1011 respondere
578 969 663 995 non
686 969 919 1012 possumus.

356 1023 600 1066 Ambrosius
624 1024 846 1081 episcopus
870 1025 972 1068 dixit
992 1041 1000 1067 :
1029 1026 1113 1077 Qui
1138 1035 1235 1068 sunt
1258 1035 1472 1070 consortes
1496 1027 1653 1070 vestri?

357 1092 565 1135 Palladius
584 1092 686 1134 dixit
706 1108 714 1134 :
742 1093 983 1136 Orientales,
999 1095 1200 1153 episcopi.

360 1162 450 1205 VII.
488 1162 735 1205 Ambrosius
759 1164 980 1222 episcopus
1002 1165 1103 1208 dixit
1124 1181 1132 1207 ε
1160 1167 1332 1209 Interim
1351 1168 1447 1224 quia
1469 1169 1654 1225 superio-

301 1232 416 1275 ribus
440 1234 700 1290 temporibus
717 1235 952 1277 Concilium
976 1236 1035 1279 sic
1058 1236 1217 1279 sactum
1239 1246 1323 1285 est,
1349 1246 1395 1280 ut
1419 1238 1654 1280 Orientales

303 1303 345 1345 in
367 1303 551 1345 Orientis
573 1305 762 1360 partibus
784 1306 999 1348 constituti
1023 1306 1228 1349 haberent
1252 1307 1488 1349 Concilium
1504 1340 1516 1357 ,
1535 1308 1658 1350 Occi-

302 1378 488 1420 dentales
510 1376 552 1418 in
573 1377 831 1426 Occidente3
857 1392 931 1419 nos
960 1378 1001 1419 in
1022 1378 1265 1420 Occidentis
1296 1379 1484 1436 partibus
1506 1379 1658 1422 consti-

301 1450 404 1498 tuti,
425 1449 697 1492 convenimus
716 1450 768 1491 ad
785 1449 1116 1506 Aquileiensium
1141 1449 1350 1492 civitatem
1368 1482 1377 1500 ‚
1397 1450 1513 1507 juxta
1529 1451 1658 1508 impe-

300 1521 450 1563 ratoris
472 1528 746 1578 praeceptum.
762 1520 954 1577 Denique
972 1521 1096 1562 etiam
1117 1520 1336 1576 praefectus
1350 1521 1478 1563 Italiae
1498 1521 1657 1563 litteras

302 1592 441 1641 dedit,
474 1601 522 1635 ut
557 1593 591 1635 si
632 1593 786 1634 vellent
821 1592 1056 1634 Orientales
1091 1592 1317 1633 convenire
1332 1624 1342 1639 ‚
1371 1592 1413 1633 in
1449 1600 1657 1649 potestate

300 1663 506 1705 haberent
531 1678 540 1704 τ
571 1663 643 1704 sed
667 1662 763 1718 quia
789 1662 976 1704 scierunt
1004 1662 1356 1704 consuetudinem
1385 1662 1653 1719 hujusmodi,

301 1741 346 1775 ut
366 1733 408 1775 in
433 1733 606 1776 Oriente
624 1732 903 1776 Orientalium
926 1741 1033 1774 esset
1048 1732 1285 1775 Concilium
1301 1764 1312 1781 ‚
1332 1731 1440 1774 intra
1454 1732 1659 1776 Occiden-

297 1812 383 1846 tem
397 1804 762 1852 Occidentalium;
787 1803 882 1845 ideo
899 1810 1154 1861 putaverunt
1175 1817 1259 1844 non
1276 1818 1365 1844 esse
1383 1802 1651 1844 veniendum.

358 1874 467 1917 VIII.
504 1874 713 1917 Palladius
737 1874 864 1916 dixit:
883 1874 1117 1931 Imperator
1136 1881 1279 1915 noster
1297 1873 1520 1916 Gratianus
1536 1873 1656 1929 jussit

299 1945 535 1988 Orientales
558 1945 700 1986 venire
721 1960 730 1986 ε
757 1959 882 2001 negas
906 1952 951 1985 tu
973 1943 1142 2000 jussisse
1160 1943 1288 1985 eum?
1312 1944 1404 2000 Ipse
1427 1943 1656 2000 imperator

299 2016 419 2057 nobis
447 2016 549 2058 dixit
571 2030 614 2057 se
636 2015 871 2058 Orientales
890 2015 1060 2071 jussisse
1078 2015 1234 2056 venire.

356 2087 605 2129 Ambrosius
634 2087 856 2143 episcopus
897 2085 999 2127 dixit
1029 2101 1038 2127 :
1075 2086 1226 2141 Utique
1267 2085 1415 2142 jussit,
1456 2086 1527 2143 qui
1569 2101 1655 2129 non

297 2159 515 2216 prohibuit
538 2158 622 2199 huc
647 2157 802 2199 venire.

351 2229 560 2272 Palladius
583 2228 685 2269 dixit
711 2242 720 2269 :
746 2227 829 2269 Sed
852 2243 904 2269 ne
935 2228 1126 2269 venirent
1154 2236 1224 2269 tua
1248 2228 1393 2285 petitio
1415 2228 1515 2271 fecit
1540 2243 1548 2270 :
1576 2230 1653 2271 sub

295 2299 435 2356 specie
468 2297 576 2340 salsae
607 2297 832 2339 voluntatis
858 2298 938 2339 hoc
963 2298 1223 2355 impetrasti,
1250 2306 1292 2340 et
1323 2297 1519 2340 distulisti
1545 2298 1652 2340 Con-

298 2371 457 2412 cilium.

351 2439 426 2482 IX.
465 2438 714 2482 Ambrosius
745 2438 970 2496 episcopus
994 2439 1100 2481 dixit
1125 2455 1133 2480 :
1165 2439 1256 2481 Non
1279 2454 1384 2496 opus
1413 2446 1475 2481 est
1496 2438 1651 2481 diutius

292 2509 484 2568 evagari,
508 2510 715 2567 responde
729 2525 853 2551 nunc.
874 2510 989 2551 Bene
1009 2508 1271 2551 dixit-Arrius
1290 2510 1424 2550 solum
1443 2517 1650 2551 aeternum

288 2579 551 2623 Patremi'Et
574 2581 809 2623 secundum
829 2578 1068 2636 Scripturas
1090 2579 1172 2622 hoc
1197 2579 1320 2630 dixit,
1345 2593 1395 2620 an
1417 2577 1528 2620 nou?
