1774 3158
276 269 361 321 246
824 285 856 313 s,
897 286 1088 315 Ammosn

273 375 349 418 per·
371 375 495 417 quem
517 359 694 417 juraret.
720 360 849 405 Filius
888 373 1024 406 autem
1047 373 1108 407 est
1126 398 1136 413 ‚
1163 366 1213 408 de
1237 381 1318 423 quo
1344 368 1499 409 dicitur
1523 384 1624 424 quo-

271 432 384 473 niam
402 432 488 489 ipse
510 432 620 474 visus
641 442 703 475 est
718 432 921 482 Abraham
947 437 1059 477 unde
1085 445 1125 478 et
1144 437 1198 478 ait
1221 452 1228 478 :
1248 455 1262 475 α
1281 438 1494 480 Abraham
1514 438 1623 480 diem

270 519 285 541 n
300 517 442 544 meum
469 501 590 551 vidit,
611 512 650 545 et
676 503 838 561 gavisus
860 506 964 548 est'.
984 526 998 544 »

327 573 537 616 Palladius
560 574 661 616 dixit
679 575 826 618 :Pater
848 577 983 633 major
1006 586 1083 618 est.

329 643 536 685 Eusebius
559 643 780 703 episcopus
804 647 905 689 dixit
927 663 935 688 :
957 647 1138 698 Quando
1172 657 1216 690 ut
1239 649 1350 691 Deus
1369 651 1626 698 locutuscst,

272 714 477 770 majorem
501 729 584 757 non
610 716 757 765 habuit
775 733 784 759 ε
804 719 972 775 quando
998 727 1042 760 ut
1063 718 1190 761 homo
1218 722 1402 770 locutus,
1424 723 1629 778 majorem

274 784 437 827 habust.

333 854 541 898 XXXIX.
580 857 787 900 Palladius
812 858 913 900 dixit
945 874 953 900 :
988 859 1112 901 Pater
1136 861 1279 917 genuit
1306 861 1483 910 Filium,
1511 862 1633 905 Pater

275 926 389 968 misit
406 927 574 969 Filium.

333 996 583 1040 Ambrosius
607 999 828 1057 episcopus
852 1001 980 1042 dixit:
1002 1002 1236 1044 Anathoma
1264 1003 1319 1044 itti
1344 1005 1413 1060 qui
1431 1012 1552 1061 negat
1571 1004 1634 1047 Fi-

280 1065 382 1108 lium
406 1069 638 1110 secundum
663 1069 933 1112 Divinitatem
956 1073 1159 1127 aequalem
1179 1073 1303 1115 Pati-i.

338 1140 499 1182 Omnes
522 1140 708 1197 episcopi
738 1141 934 1182 dixerunt
955 1158 963 1182 :
990 1142 1239 1184 Anathema.

338 1211 548 1254 Palladius
568 1212 698 1254 dixit:
721 1212 850 1254 Filius
874 1211 1089 1268 subjectns
1109 1214 1218 1255 Patri
1236 1247 1246 1263 ,
1272 1214 1402 1256 Filius
1426 1225 1635 1274 pvaecopta

278 1281 413 1324 Patris
441 1282 641 1324 custodit.

343 1352 594 1395 Ambrosius
619 1355 840 1411 episcopus
864 1355 965 1397 dixit
996 1371 1003 1396 ε
1037 1355 1264 1409 §abjectus
1285 1356 1519 1397 secundum
1545 1370 1638 1397 cat*-

285 1422 348 1464 nis
369 1422 588 1465 rationem.
614 1423 822 1466 Cssuterum
841 1426 980 1482 etipse
999 1426 1226 1467 meministi
1245 1426 1340 1482 quia
1355 1425 1488 1484 legisti
1508 1442 1516 1467 ;
1536 1444 1549 1464 «
1563 1426 1641 1468 ΝΘ·

284 1508 384 1536 »mo
405 1493 518 1536 venit
535 1496 586 1536 ad
609 1510 701 1543 me,
727 1495 804 1536 nisi
828 1511 952 1552 quem
971 1497 1093 1538 Pater
1111 1497 1363 1538 attraxerim
1390 1517 1403 1535 υ

346 1566 526 1609 Sabinus
554 1567 776 1624 episcopus
802 1567 932 1609 dixit:
958 1568 1079 1609 Dicat
1112 1567 1144 1608 si
1177 1569 1413 1609 secundum
1436 1567 1640 1609 Divinita-

288 1644 373 1678 tem
397 1636 613 1692 subjectus
637 1646 699 1679 est
720 1637 830 1679 Patri
850 1671 859 1685 ,
886 1653 936 1679 an
959 1639 1190 1679 secundun]
1213 1637 1583 1680 incarnationem?

349 1708 439 1751 XL.
475 1707 686 1750 Palladius
707 1707 810 1749 dixit
833 1723 842 1750 z
869 1708 975 1765 Ergo
998 1709 1120 1750 Pater·
1146 1708 1280 1764 major
1303 1717 1377 1750 est.

348 1778 598 1821 Ambrosius
615 1778 838 1836 episcopus
861 1779 964 1822 dixit
985 1796 992 1821 :
1014 1779 1065 1821 Et
1090 1779 1186 1821 alibi
1210 1780 1414 1837 scriptum
1430 1789 1491 1822 est
1517 1795 1558 1821 :u
1581 1779 1644 1822 Fi-

289 1869 304 1890 »
321 1851 425 1893 delis
441 1850 580 1898 Deus,
605 1865 679 1908 per
699 1865 824 1907 quem
851 1850 986 1892 vocati
1005 1850 1101 1892 estis
1126 1851 1167 1891 in
1207 1850 1551 1892 communionem
1580 1848 1644 1891 Fi-

289 1942 304 1960 »
319 1922 364 1964 lii
388 1920 521 1979 ejus³.
543 1922 658 1979 »Ego
678 1922 772 1963 dico
794 1925 962 1963 Patrem
981 1921 1185 1978 majorem
1203 1937 1292 1963 esse
1307 1923 1538 1963 secundum
1559 1936 1646 1961 car·

290 1993 354 2036 nis
377 1992 706 2050 assumptionem
724 2025 733 2041 ,
758 2008 883 2049 quam
907 1993 1090 2050 suscepit
1112 1993 1242 2033 Filius
1262 1992 1361 2039 Dei,
1391 2008 1473 2032 non
1494 2006 1646 2033 secun-

293 2066 394 2107 dum
417 2054 701 2106 Divinitatem.

350 2136 562 2178 Palladius
585 2135 716 2177 dixit:
738 2135 843 2186 Quae
866 2136 980 2177 enim
1004 2135 1262 2191 comparatio
1287 2141 1348 2175 est
1365 2132 1458 2175 Filii
1478 2132 1553 2174 Dei
1570 2131 1648 2174 Hit

292 2223 391 2251 caro
414 2216 553 2265 potest
575 2208 716 2249 dicere
733 2223 742 2248 z
758 2207 869 2248 Deus
892 2222 959 2248 me
981 2207 1115 2264 major
1133 2206 1223 2248 est?
1245 2206 1351 2247 Caro
1375 2205 1645 2262 loquebatur,

293 2289 365 2323 aut
383 2279 606 2326 Divinitas;
627 2279 722 2335 quia
739 2278 795 2320 ihi
820 2287 910 2319 erat
931 2293 1042 2320 caro.

350 2349 598 2393 Ambrosius
609 2349 830 2406 episcopus
843 2348 969 2390 dixit:
987 2348 1191 2390 Carosine
1204 2347 1338 2390 anima
1352 2361 1433 2388 non
1446 2346 1644 2402 loquitur.

353 2419 560 2462 Eusebius
587 2419 809 2477 episcopus
831 2419 934 2460 dixit
956 2434 964 2460 :
986 2420 1096 2460 Deus
1116 2419 1298 2460 incarne
1316 2417 1569 2474 loquebatur
1591 2431 1649 2457 se-

297 2494 487 2536 cundum
506 2506 676 2533 carnem
692 2523 703 2539 ,
723 2491 892 2547 quando
931 2491 1100 2532 dicebat
1122 2505 1129 2530 ε
1149 2510 1162 2527 α
1182 2488 1293 2540 Quid
1334 2503 1400 2529 me
1440 2486 1650 2544 persequi-

299 2584 314 2602 e)
330 2563 451 2612 mini,
471 2561 738 2604 hominem⁶P
757 2561 892 2613 »Quis
911 2562 990 2604 hoe
1015 2558 1144 2603 dixit?

346 2663 351 2676 ¹
376 2654 473 2686 Joan.
490 2664 561 2691 vin,
582 2653 631 2684 56.
657 2670 696 2676 —
714 2652 968 2691 ²1d‚vr‚4i.—
987 2653 1206 2694 ³1C01·.=,9.
1227 2669 1260 2675 -
1283 2651 1451 2684 ⁴Juan.vi
1471 2660 1494 2687 1,
1509 2647 1561 2686 40.
