1774 3158
284 221 367 265 290
822 215 855 243 S·
892 213 1087 243 AMBRosn

279 297 497 356 gentilium
527 308 698 341 censeas
715 326 724 341 ‚
755 294 820 336 vel
841 292 882 335 in
905 292 1114 350 ejusmodi
1141 306 1339 349 responsa
1366 290 1633 348 sacrilegium

277 365 596 423 subscriptionis
621 363 836 421 adjungas.
867 363 992 405 Certe
1019 362 1128 405 refer
1152 363 1204 404 ad
1226 371 1442 419 parentem
1469 362 1634 420 pietatis

276 446 357 479 tuae
392 434 631 493 principem
665 432 973 481 Theodosium,
1003 447 1128 488 quem
1165 447 1291 489 super
1321 432 1518 474 omnibus
1548 431 1635 473 sere

279 505 513 562 majoribus
531 503 666 546 causis
689 505 912 546 consulere
940 502 1165 546 consuesti.
1192 503 1306 545 Nihil
1326 502 1463 559 majus
1480 510 1543 544 est
1565 516 1635 543 re-

277 577 431 634 ligione
448 610 457 625 ‚
484 575 589 617 nihil
611 574 832 616 sublimius
856 573 953 615 fide.

340 646 459 689 XIII.
496 644 539 687 Si
572 644 702 687 civilis
734 658 858 687 causa
891 651 1020 692 esset,
1068 643 1238 685 diversae
1281 643 1389 700 parti
1421 642 1636 699 responsio

278 724 528 762 servaretur3
548 730 671 757 causa
687 713 986 773 religionisest,
1003 713 1248 772 episcopus¹
1271 713 1491 755 convenio.
1505 713 1638 755 Detur

280 787 384 829 mihi
413 776 653 843 exemplum
676 785 810 827 missae
841 775 1052 826 relationis
1071 816 1080 832 ,
1106 794 1151 826 ut
1172 799 1249 842 ego
1275 783 1438 840 plenius
1462 797 1638 840 respon-

283 857 428 906 de3m3
454 866 496 899 et
518 857 576 899 sic
595 857 646 897 de
674 856 868 897 omnibus
898 856 1114 896 consultus
1134 853 1366 897 clementiae
1385 861 1465 895 tuae
1487 868 1637 910 parens

280 929 535 984 respondere
558 927 766 982 dignetur.
793 926 916 967 Certe
939 925 971 966 si
994 925 1107 967 aliud
1123 925 1334 972 statuitur,
1350 923 1535 980 episcopi
1558 923 1638 964 hoc

279 1013 399 1054 aequo
433 998 571 1039 animo
606 997 694 1053 pati
720 1004 762 1037 et
796 994 1059 1037 dissimulare
1090 1009 1174 1036 non
1206 1009 1457 1052 possumus;
1495 993 1639 1034 licebit

281 1069 356 1111 tibi
382 1069 433 1110 ad
454 1067 686 1109 Ecclesiam
707 1065 932 1108 convenire
951 1080 959 1105 :
980 1065 1053 1106 sed
1074 1065 1159 1106 illie
1187 1079 1271 1106 non
1298 1064 1481 1106 invenies
1500 1078 1640 1105 sacer-

283 1139 425 1180 dotem
441 1170 452 1186 ‚
473 1146 546 1179 aut
568 1136 754 1178 invenies
773 1136 1039 1177 resistentem

343 1206 460 1251 XIV.
496 1206 611 1258 Quid
638 1206 911 1262 respondebis
936 1202 1143 1246 sacerdoti
1167 1203 1322 1245 dicenti
1346 1202 1442 1244 tibi:
1468 1202 1640 1244 Munera

280 1287 351 1320 tua
384 1293 468 1319 non
500 1276 650 1334 quaerit
683 1276 874 1318 Ecclesia
905 1277 1054 1332 (104);
1092 1275 1186 1332 quia
1230 1275 1385 1332 templa
1422 1272 1640 1331 gentilium

279 1348 530 1391 muneribus
553 1346 793 1389 adornasti?
814 1348 896 1389 Ara
921 1346 1077 1388 Christi
1103 1347 1211 1388 dona
1236 1354 1308 1387 tua
1333 1345 1516 1401 respuit,
1537 1358 1640 1399 quo·

281 1419 394 1461 niam
424 1433 537 1460 aram
560 1417 794 1460 simulacris
822 1417 981 1466 fecisti3
1013 1431 1090 1459 vox
1111 1416 1224 1457 enim
1249 1423 1345 1463 tua,
1367 1430 1515 1457 manus
1533 1422 1603 1455 tua
1629 1429 1637 1454 :

282 1497 324 1531 et
345 1477 599 1546 subscriptio
618 1497 712 1534 tua,
728 1503 831 1545 opus
850 1495 913 1529 est
936 1497 1071 1529 tuum.
1090 1486 1352 1542 Obsequium
1367 1494 1488 1527 tuum
1502 1483 1642 1527 Domi-

285 1574 363 1602 nus
388 1559 509 1601 Jesus
533 1566 699 1600 recusat
735 1566 776 1600 et
806 1558 991 1614 respuit,
1025 1557 1224 1613 quoniam
1263 1557 1384 1598 idolis
1412 1556 1640 1597 obsecutus

284 1645 350 1679 es;
376 1630 478 1673 dixit
501 1629 613 1671 enim
637 1630 713 1671 tibi
744 1644 753 1671 ι
781 1646 795 1668 (ι
823 1628 916 1671 Non
949 1629 1121 1685 potestis
1147 1627 1312 1670 duobus
1347 1626 1528 1669 dominis
1554 1641 1643 1668 ser-

286 1700 444 1743 »vire².
473 1719 487 1740 n
505 1699 724 1756 Privilegia
749 1708 819 1741 tua
844 1707 1017 1740 sacratae
1043 1698 1131 1741 Deo
1156 1698 1333 1754 virgines
1357 1712 1440 1739 non
1459 1695 1641 1744 habent,

287 1778 329 1812 et
350 1770 563 1812 vindicant
587 1768 767 1825 virgines
786 1767 921 1810 Vestae
937 1768 954 1810 P
973 1769 1061 1810 Cur
1077 1767 1317 1810 sacerdotes
1337 1767 1413 1809 Dei
1438 1765 1643 1822 requiris,

287 1841 440 1896 quibus
476 1839 696 1897 petitiones
727 1839 922 1896 profanas
963 1839 1186 1896 gentilium
1218 1837 1468 1895 praetulisti?
1507 1835 1647 1880 Alieni

290 1910 445 1952 erroris
468 1909 714 1952 societatem
742 1910 955 1967 suscipere
974 1925 1058 1952 non
1081 1925 1319 1968 possumus.

345 1980 437 2023 XV.
475 1981 590 2031 Quid
612 1981 887 2037 respondebis
912 1981 976 2023 his
999 1980 1167 2023 verbis?
1187 1981 1369 2022 Puerum
1396 1994 1487 2021 esse
1506 1986 1548 2021 te
1563 1979 1649 2035 lap-

293 2065 384 2092 sum
399 2050 416 2091 P
434 2050 582 2093 Omnis
601 2058 699 2092 aetas
716 2050 903 2107 perfecta
926 2051 1092 2093 Christo
1113 2058 1175 2092 est
1201 2065 1210 2091 :
1237 2049 1372 2091 omnis
1394 2048 1482 2090 Deo
1506 2050 1642 2105 plena.

288 2120 471 2163 Pueritia
496 2119 595 2162 fidei
629 2135 713 2161 non
737 2121 944 2177 probatur
969 2136 978 2162 ε
1009 2119 1170 2178 parvuli
1192 2120 1318 2161 etiam
1348 2119 1561 2160 Christum
1584 2118 1650 2160 in-

291 2190 457 2246 trepido
475 2189 672 2231 adversus
696 2199 988 2246 persecutores
1010 2205 1081 2232 ore
1099 2190 1276 2232 confessi
1299 2197 1407 2231 sunt.

353 2259 467 2302 XVI.
507 2259 620 2311 Quid
636 2262 911 2317 respondebis
925 2276 1128 2318 germano
1146 2261 1410 2304 tuoPNonne
1428 2260 1501 2302 tibi
1514 2260 1647 2302 dicet:

295 2328 466 2371 Victum
484 2344 552 2371 me
569 2344 659 2371 esse
677 2345 761 2371 non
782 2332 967 2379 credidi,
984 2331 1080 2387 quia
1097 2339 1138 2372 te
1160 2331 1455 2388 imperatorem
1474 2329 1648 2386 reliqui:

295 2401 403 2443 mori
426 2415 511 2442 non
535 2400 674 2448 dolui,
693 2400 789 2456 quia
812 2410 853 2443 te
872 2401 1083 2444 haeredem
1107 2401 1316 2444 habebam
1343 2417 1351 2443 :
1378 2401 1554 2459 imperio
1582 2415 1653 2442 me

297 2471 503 2512 decedere
524 2484 610 2512 non
642 2470 850 2528 ingemu13
875 2472 972 2528 quia
997 2471 1172 2529 imperia
1198 2486 1291 2514 mea
1307 2504 1318 2521 ,
1347 2470 1584 2528 praesertim
1604 2470 1657 2513 de

343 2573 351 2586 ¹
370 2563 505 2596 Codices
520 2563 641 2606 aliquot
656 2562 778 2596 habent
796 2575 803 2595 ε
821 2563 991 2606 Episcopus
1005 2565 1162 2598 convenio.
1177 2583 1217 2589 —
1232 2574 1245 2590 ⁸
1266 2563 1385 2598 Matth.
1400 2574 1443 2602 vu,
1459 2565 1510 2597 25.
