<?xml version="1.0" encoding="UTF-8"?>
<!DOCTYPE html PUBLIC "-//W3C//DTD XHTML 1.0 Transitional//EN"
    "http://www.w3.org/TR/xhtml1/DTD/xhtml1-transitional.dtd">
<html xmlns="http://www.w3.org/1999/xhtml" xml:lang="en" lang="en">
 <head>
  <title>
</title>
<meta http-equiv="Content-Type" content="text/html;charset=utf-8" />
  <meta name='ocr-system' content='tesseract 3.04.00' />
  <meta name='ocr-capabilities' content='ocr_page ocr_carea ocr_par ocr_line ocrx_word'/>
</head>
<body>
  <div class='ocr_page' id='page_1' title='image "./omniaequaeextant08ambruoft_0483.png"; bbox 0 0 1774 3158; ppageno 0'>
   <div class='ocr_carea' id='block_1_1' title="bbox 568 229 1414 288">
    <p class='ocr_par' dir='ltr' id='par_1_1' title="bbox 568 229 1414 288">
     <span class='ocr_line' id='line_1_1' title="bbox 568 229 1414 288; baseline 0 -16"><span class='ocrx_word' id='word_1_1' title='bbox 568 241 901 273; x_wconf 62' lang='lat' dir='ltr'>Annon-rioms.</span> <span class='ocrx_word' id='word_1_2' title='bbox 1327 229 1414 288; x_wconf 77' lang='lat'>467</span> 
     </span>
    </p>
   </div>
   <div class='ocr_carea' id='block_1_2' title="bbox 67 320 1421 665">
    <p class='ocr_par' dir='ltr' id='par_1_2' title="bbox 67 320 1421 665">
     <span class='ocr_line' id='line_1_2' title="bbox 68 320 1414 381; baseline -0.002 -13"><span class='ocrx_word' id='word_1_3' title='bbox 68 322 264 369; x_wconf 76' lang='lat' dir='ltr'>meminit</span> <span class='ocrx_word' id='word_1_4' title='bbox 279 321 505 379; x_wconf 82' lang='lat' dir='ltr'><strong>Gregorius</strong></span> <span class='ocrx_word' id='word_1_5' title='bbox 522 321 795 371; x_wconf 82' lang='lat' dir='ltr'>Turonensis,</span> <span class='ocrx_word' id='word_1_6' title='bbox 817 321 890 364; x_wconf 92' lang='lat' dir='ltr'>lib.</span> <span class='ocrx_word' id='word_1_7' title='bbox 920 336 933 363; x_wconf 87' lang='lat'>1</span> <span class='ocrx_word' id='word_1_8' title='bbox 947 353 958 370; x_wconf 94' lang='lat'><strong><em>,</em></strong></span> <span class='ocrx_word' id='word_1_9' title='bbox 978 321 1031 362; x_wconf 71' lang='lat' dir='ltr'>de.</span> <span class='ocrx_word' id='word_1_10' title='bbox 1055 320 1209 363; x_wconf 74' lang='lat' dir='ltr'>Gloria</span> <span class='ocrx_word' id='word_1_11' title='bbox 1226 322 1414 381; x_wconf 76' lang='lat' dir='ltr'>Martyr.</span> 
     </span>
     <span class='ocr_line' id='line_1_3' title="bbox 67 391 1413 452; baseline 0 -15"><span class='ocrx_word' id='word_1_12' title='bbox 67 409 160 452; x_wconf 84' lang='lat' dir='ltr'>cap.</span> <span class='ocrx_word' id='word_1_13' title='bbox 186 395 260 450; x_wconf 76' lang='lat'>47,</span> <span class='ocrx_word' id='word_1_14' title='bbox 279 392 387 435; x_wconf 85' lang='lat' dir='ltr'>sicut</span> <span class='ocrx_word' id='word_1_15' title='bbox 403 401 445 435; x_wconf 85' lang='lat' dir='ltr'>et</span> <span class='ocrx_word' id='word_1_16' title='bbox 464 392 677 450; x_wconf 83' lang='lat' dir='ltr'>Ughellus,</span> <span class='ocrx_word' id='word_1_17' title='bbox 704 401 824 435; x_wconf 81' lang='lat' dir='ltr'>tomo</span> <span class='ocrx_word' id='word_1_18' title='bbox 852 407 908 439; x_wconf 76' lang='grc' dir='ltr'>ιν,</span> <span class='ocrx_word' id='word_1_19' title='bbox 935 391 1039 434; x_wconf 75' lang='lat' dir='ltr'>Ital.</span> <span class='ocrx_word' id='word_1_20' title='bbox 1062 407 1214 441; x_wconf 82' lang='lat' dir='ltr'>sacrae,</span> <span class='ocrx_word' id='word_1_21' title='bbox 1231 408 1324 451; x_wconf 80' lang='lat' dir='ltr'>pag.</span> <span class='ocrx_word' id='word_1_22' title='bbox 1345 395 1413 446; x_wconf 79' lang='lat'>54.</span> 
     </span>
     <span class='ocr_line' id='line_1_4' title="bbox 67 462 1419 522; baseline -0.001 -14"><span class='ocrx_word' id='word_1_23' title='bbox 67 465 214 522; x_wconf 87' lang='lat' dir='ltr'><strong>Neque</strong></span> <span class='ocrx_word' id='word_1_24' title='bbox 243 464 399 510; x_wconf 87' lang='lat' dir='ltr'>officit,</span> <span class='ocrx_word' id='word_1_25' title='bbox 428 466 543 521; x_wconf 89' lang='lat' dir='ltr'>quod</span> <span class='ocrx_word' id='word_1_26' title='bbox 570 464 649 506; x_wconf 80' lang='lat' dir='ltr'>hac</span> <span class='ocrx_word' id='word_1_27' title='bbox 675 463 715 505; x_wconf 93' lang='lat' dir='ltr'>in</span> <span class='ocrx_word' id='word_1_28' title='bbox 746 462 950 505; x_wconf 77' lang='lat' dir='ltr'>Oratione</span> <span class='ocrx_word' id='word_1_29' title='bbox 973 463 1219 506; x_wconf 81' lang='lat' dir='ltr'>Ambrosius</span> <span class='ocrx_word' id='word_1_30' title='bbox 1242 473 1419 507; x_wconf 81' lang='lat' dir='ltr'>testatur</span> 
     </span>
     <span class='ocr_line' id='line_1_5' title="bbox 69 533 1415 592; baseline 0 -14"><span class='ocrx_word' id='word_1_31' title='bbox 69 550 214 578; x_wconf 86' lang='lat' dir='ltr'>curam</span> <span class='ocrx_word' id='word_1_32' title='bbox 231 551 369 576; x_wconf 83' lang='lat' dir='ltr'>rerum</span> <span class='ocrx_word' id='word_1_33' title='bbox 391 535 682 592; x_wconf 76' lang='lat' dir='ltr'><strong>temporalium</strong></span> <span class='ocrx_word' id='word_1_34' title='bbox 702 549 722 576; x_wconf 85' lang='lat' dir='ltr'>a</span> <span class='ocrx_word' id='word_1_35' title='bbox 741 534 867 576; x_wconf 84' lang='lat' dir='ltr'>fratre</span> <span class='ocrx_word' id='word_1_36' title='bbox 885 533 1035 591; x_wconf 83' lang='lat' dir='ltr'>Satyro</span> <span class='ocrx_word' id='word_1_37' title='bbox 1053 544 1291 592; x_wconf 83' lang='lat' dir='ltr'>susceptam</span> <span class='ocrx_word' id='word_1_38' title='bbox 1311 552 1415 583; x_wconf 76' lang='lat' dir='ltr'>csse:</span> 
     </span>
     <span class='ocr_line' id='line_1_6' title="bbox 69 605 1421 665; baseline 0.002 -19"><span class='ocrx_word' id='word_1_39' title='bbox 69 607 273 663; x_wconf 85' lang='lat' dir='ltr'>quidquid</span> <span class='ocrx_word' id='word_1_40' title='bbox 294 607 405 648; x_wconf 86' lang='lat' dir='ltr'>enim</span> <span class='ocrx_word' id='word_1_41' title='bbox 429 607 480 648; x_wconf 84' lang='lat' dir='ltr'>ad</span> <span class='ocrx_word' id='word_1_42' title='bbox 503 605 699 648; x_wconf 82' lang='lat' dir='ltr'>Ecclesiae</span> <span class='ocrx_word' id='word_1_43' title='bbox 729 607 856 648; x_wconf 86' lang='lat' dir='ltr'>decus</span> <span class='ocrx_word' id='word_1_44' title='bbox 880 606 1062 663; x_wconf 82' lang='lat' dir='ltr'><strong>pertinet</strong></span> <span class='ocrx_word' id='word_1_45' title='bbox 1078 638 1088 654; x_wconf 87' lang='lat'>‚</span> <span class='ocrx_word' id='word_1_46' title='bbox 1115 608 1165 647; x_wconf 85' lang='lat' dir='ltr'>ab</span> <span class='ocrx_word' id='word_1_47' title='bbox 1194 607 1421 665; x_wconf 87' lang='lat' dir='ltr'>episcopali</span> 
     </span>
    </p>
   </div>
   <div class='ocr_carea' id='block_1_3' title="bbox 69 675 1422 804">
    <p class='ocr_par' dir='ltr' id='par_1_3' title="bbox 69 675 1422 804">
     <span class='ocr_line' id='line_1_7' title="bbox 69 675 1422 736; baseline 0.002 -18"><span class='ocrx_word' id='word_1_48' title='bbox 69 676 209 719; x_wconf 84' lang='lat' dir='ltr'>officio</span> <span class='ocrx_word' id='word_1_49' title='bbox 231 692 315 719; x_wconf 91' lang='lat' dir='ltr'>non</span> <span class='ocrx_word' id='word_1_50' title='bbox 342 692 431 720; x_wconf 87' lang='lat' dir='ltr'>esse</span> <span class='ocrx_word' id='word_1_51' title='bbox 463 677 645 720; x_wconf 82' lang='lat' dir='ltr'>alionum</span> <span class='ocrx_word' id='word_1_52' title='bbox 676 677 852 735; x_wconf 77' lang='lat' dir='ltr'>ipsemet.</span> <span class='ocrx_word' id='word_1_53' title='bbox 874 675 1100 734; x_wconf 84' lang='lat' dir='ltr'>profitetur</span> <span class='ocrx_word' id='word_1_54' title='bbox 1127 678 1197 720; x_wconf 84' lang='lat' dir='ltr'>lib.</span> <span class='ocrx_word' id='word_1_55' title='bbox 1228 694 1282 727; x_wconf 87' lang='lat'>11,</span> <span class='ocrx_word' id='word_1_56' title='bbox 1310 678 1422 736; x_wconf 79' lang='lat' dir='ltr'>Off·</span> 
     </span>
     <span class='ocr_line' id='line_1_8' title="bbox 70 747 397 804; baseline 0.003 -16"><span class='ocrx_word' id='word_1_57' title='bbox 70 747 178 796; x_wconf 78' lang='grc' dir='ltr'><em>οἱον,</em></span> <span class='ocrx_word' id='word_1_58' title='bbox 202 761 293 804; x_wconf 86' lang='lat' dir='ltr'>cap.</span> <span class='ocrx_word' id='word_1_59' title='bbox 329 760 397 789; x_wconf 80' lang='lat'>21.</span> 
     </span>
    </p>
   </div>
   <div class='ocr_carea' id='block_1_4' title="bbox 457 867 1034 925">
    <p class='ocr_par' dir='ltr' id='par_1_4' title="bbox 457 867 1034 925">
     <span class='ocr_line' id='line_1_9' title="bbox 457 867 1034 925; baseline 0 -15"><span class='ocrx_word' id='word_1_60' title='bbox 457 882 700 910; x_wconf 74' lang='lat' dir='ltr'><strong>ANNOTATIO</strong></span> <span class='ocrx_word' id='word_1_61' title='bbox 736 867 797 925; x_wconf 66' lang='grc' dir='ltr'>(ὅ)</span> <span class='ocrx_word' id='word_1_62' title='bbox 835 883 927 925; x_wconf 81' lang='lat' dir='ltr'>pag.</span> <span class='ocrx_word' id='word_1_63' title='bbox 971 883 1034 910; x_wconf 77' lang='lat'>12.</span> 
     </span>
    </p>
   </div>
   <div class='ocr_carea' id='block_1_5' title="bbox 75 997 1428 1267">
    <p class='ocr_par' dir='ltr' id='par_1_5' title="bbox 75 997 1428 1267">
     <span class='ocr_line' id='line_1_10' title="bbox 130 997 1425 1055; baseline 0.001 -15"><span class='ocrx_word' id='word_1_64' title='bbox 130 997 230 1040; x_wconf 88' lang='lat' dir='ltr'>Ideo</span> <span class='ocrx_word' id='word_1_65' title='bbox 251 997 461 1046; x_wconf 82' lang='lat' dir='ltr'>efficaces,</span> <span class='ocrx_word' id='word_1_66' title='bbox 487 998 529 1040; x_wconf 87' lang='lat' dir='ltr'>id</span> <span class='ocrx_word' id='word_1_67' title='bbox 547 1007 635 1047; x_wconf 83' lang='lat' dir='ltr'>est,</span> <span class='ocrx_word' id='word_1_68' title='bbox 660 999 711 1040; x_wconf 82' lang='lat' dir='ltr'>ad</span> <span class='ocrx_word' id='word_1_69' title='bbox 729 998 938 1054; x_wconf 82' lang='lat' dir='ltr'>agendum</span> <span class='ocrx_word' id='word_1_70' title='bbox 963 1012 1080 1040; x_wconf 85' lang='lat' dir='ltr'>acres</span> <span class='ocrx_word' id='word_1_71' title='bbox 1102 1007 1226 1055; x_wconf 86' lang='lat' dir='ltr'>atque</span> <span class='ocrx_word' id='word_1_72' title='bbox 1247 999 1425 1048; x_wconf 79' lang='lat' dir='ltr'>habiles,</span> 
     </span>
     <span class='ocr_line' id='line_1_11' title="bbox 75 1065 1428 1125; baseline 0.001 -16"><span class='ocrx_word' id='word_1_73' title='bbox 75 1067 372 1110; x_wconf 78' lang='lat' dir='ltr'>innocentibus</span> <span class='ocrx_word' id='word_1_74' title='bbox 404 1083 451 1110; x_wconf 84' lang='lat' dir='ltr'>ac</span> <span class='ocrx_word' id='word_1_75' title='bbox 478 1067 740 1125; x_wconf 76' lang='lat' dir='ltr'>simplicibus</span> <span class='ocrx_word' id='word_1_76' title='bbox 775 1068 848 1110; x_wconf 82' lang='lat' dir='ltr'>hic</span> <span class='ocrx_word' id='word_1_77' title='bbox 886 1077 1176 1125; x_wconf 86' lang='lat' dir='ltr'>opponuntur,</span> <span class='ocrx_word' id='word_1_78' title='bbox 1212 1065 1309 1124; x_wconf 85' lang='lat' dir='ltr'>quia</span> <span class='ocrx_word' id='word_1_79' title='bbox 1331 1084 1428 1111; x_wconf 89' lang='lat' dir='ltr'>cum</span> 
     </span>
     <span class='ocr_line' id='line_1_12' title="bbox 76 1138 1406 1198; baseline 0.002 -18"><span class='ocrx_word' id='word_1_80' title='bbox 76 1139 155 1181; x_wconf 90' lang='lat' dir='ltr'>illis</span> <span class='ocrx_word' id='word_1_81' title='bbox 172 1140 266 1196; x_wconf 86' lang='lat' dir='ltr'>plus</span> <span class='ocrx_word' id='word_1_82' title='bbox 289 1139 384 1181; x_wconf 85' lang='lat' dir='ltr'>insit</span> <span class='ocrx_word' id='word_1_83' title='bbox 410 1139 624 1196; x_wconf 81' lang='lat' dir='ltr'>sanguinis</span> <span class='ocrx_word' id='word_1_84' title='bbox 641 1147 682 1180; x_wconf 83' lang='lat' dir='ltr'>et</span> <span class='ocrx_word' id='word_1_85' title='bbox 706 1139 855 1180; x_wconf 82' lang='lat' dir='ltr'>caloris</span> <span class='ocrx_word' id='word_1_86' title='bbox 878 1138 1040 1185; x_wconf 79' lang='lat' dir='ltr'>facilius</span> <span class='ocrx_word' id='word_1_87' title='bbox 1068 1139 1289 1182; x_wconf 79' lang='lat' dir='ltr'>affectibus</span> <span class='ocrx_word' id='word_1_88' title='bbox 1305 1141 1406 1198; x_wconf 90' lang='lat' dir='ltr'>cupi</span> 
     </span>
     <span class='ocr_line' id='line_1_13' title="bbox 77 1210 978 1267; baseline -0.002 -15"><span class='ocrx_word' id='word_1_89' title='bbox 77 1210 217 1252; x_wconf 84' lang='lat' dir='ltr'>ditatis</span> <span class='ocrx_word' id='word_1_90' title='bbox 234 1217 306 1252; x_wconf 81' lang='lat' dir='ltr'>aut</span> <span class='ocrx_word' id='word_1_91' title='bbox 327 1210 412 1252; x_wconf 91' lang='lat' dir='ltr'>odii</span> <span class='ocrx_word' id='word_1_92' title='bbox 435 1210 716 1267; x_wconf 76' lang='lat' dir='ltr'>abripiuntur,</span> <span class='ocrx_word' id='word_1_93' title='bbox 744 1225 873 1265; x_wconf 83' lang='lat' dir='ltr'>quam</span> <span class='ocrx_word' id='word_1_94' title='bbox 896 1210 978 1251; x_wconf 85' lang='lat' dir='ltr'>alii.</span> 
     </span>
    </p>
   </div>
   <div class='ocr_carea' id='block_1_6' title="bbox 466 1340 1042 1397">
    <p class='ocr_par' dir='ltr' id='par_1_6' title="bbox 466 1340 1042 1397">
     <span class='ocr_line' id='line_1_14' title="bbox 466 1340 1042 1397; baseline -0.003 -14"><span class='ocrx_word' id='word_1_95' title='bbox 466 1354 707 1383; x_wconf 60' lang='lat' dir='ltr'>Amorum</span> <span class='ocrx_word' id='word_1_96' title='bbox 746 1340 803 1394; x_wconf 89' lang='grc'>(6)</span> <span class='ocrx_word' id='word_1_97' title='bbox 844 1355 935 1397; x_wconf 81' lang='lat' dir='ltr'>pag.</span> <span class='ocrx_word' id='word_1_98' title='bbox 981 1356 1042 1397; x_wconf 80' lang='lat'>17·</span> 
     </span>
    </p>
   </div>
   <div class='ocr_carea' id='block_1_7' title="bbox 79 1454 1439 1713">
    <p class='ocr_par' dir='ltr' id='par_1_7' title="bbox 79 1454 1439 1713">
     <span class='ocr_line' id='line_1_15' title="bbox 138 1454 1435 1515; baseline 0.002 -14"><span class='ocrx_word' id='word_1_99' title='bbox 138 1460 203 1501; x_wconf 94' lang='lat' dir='ltr'>Ab</span> <span class='ocrx_word' id='word_1_100' title='bbox 224 1454 550 1515; x_wconf 86' lang='lat' dir='ltr'>antiquispetita</span> <span class='ocrx_word' id='word_1_101' title='bbox 573 1458 717 1500; x_wconf 74' lang='lat' dir='ltr'>suiten</span> <span class='ocrx_word' id='word_1_102' title='bbox 741 1459 1026 1505; x_wconf 80' lang='lat' dir='ltr'>consuetudo,</span> <span class='ocrx_word' id='word_1_103' title='bbox 1056 1474 1136 1514; x_wconf 81' lang='lat' dir='ltr'>qua</span> <span class='ocrx_word' id='word_1_104' title='bbox 1162 1461 1435 1503; x_wconf 85' lang='lat' dir='ltr'>morientium</span> 
     </span>
     <span class='ocr_line' id='line_1_16' title="bbox 81 1527 1439 1586; baseline 0 -14"><span class='ocrx_word' id='word_1_105' title='bbox 81 1529 191 1572; x_wconf 90' lang='lat' dir='ltr'>oculi</span> <span class='ocrx_word' id='word_1_106' title='bbox 215 1527 660 1585; x_wconf 83' lang='lat' dir='ltr'>conjunctissimorum</span> <span class='ocrx_word' id='word_1_107' title='bbox 678 1527 872 1569; x_wconf 80' lang='lat' dir='ltr'>manibus</span> <span class='ocrx_word' id='word_1_108' title='bbox 891 1528 1213 1572; x_wconf 79' lang='lat' dir='ltr'>claudebantur.</span> <span class='ocrx_word' id='word_1_109' title='bbox 1234 1529 1334 1586; x_wconf 89' lang='lat' dir='ltr'>Ejus</span> <span class='ocrx_word' id='word_1_110' title='bbox 1348 1545 1439 1572; x_wconf 57' lang='lat' dir='ltr'>mea</span> 
     </span>
     <span class='ocr_line' id='line_1_17' title="bbox 79 1596 1439 1656; baseline 0 -15"><span class='ocrx_word' id='word_1_111' title='bbox 79 1599 203 1641; x_wconf 87' lang='lat' dir='ltr'>minit</span> <span class='ocrx_word' id='word_1_112' title='bbox 227 1613 275 1640; x_wconf 85' lang='lat' dir='ltr'>ac</span> <span class='ocrx_word' id='word_1_113' title='bbox 303 1598 510 1640; x_wconf 81' lang='lat' dir='ltr'>rationem</span> <span class='ocrx_word' id='word_1_114' title='bbox 542 1597 683 1639; x_wconf 84' lang='lat' dir='ltr'>reddit</span> <span class='ocrx_word' id='word_1_115' title='bbox 701 1596 860 1639; x_wconf 89' lang='lat' dir='ltr'>Plinius</span> <span class='ocrx_word' id='word_1_116' title='bbox 876 1629 888 1645; x_wconf 86' lang='lat'>‚</span> <span class='ocrx_word' id='word_1_117' title='bbox 914 1597 986 1639; x_wconf 93' lang='lat' dir='ltr'>lib.</span> <span class='ocrx_word' id='word_1_118' title='bbox 1020 1612 1078 1645; x_wconf 85' lang='lat' dir='ltr'>x1‚</span> <span class='ocrx_word' id='word_1_119' title='bbox 1103 1613 1194 1656; x_wconf 83' lang='lat' dir='ltr'>cap.</span> <span class='ocrx_word' id='word_1_120' title='bbox 1216 1599 1288 1655; x_wconf 82' lang='grc'>57,</span> <span class='ocrx_word' id='word_1_121' title='bbox 1308 1608 1349 1642; x_wconf 83' lang='lat' dir='ltr'>et</span> <span class='ocrx_word' id='word_1_122' title='bbox 1371 1600 1439 1641; x_wconf 83' lang='lat' dir='ltr'>alii</span> 
     </span>
     <span class='ocr_line' id='line_1_18' title="bbox 81 1668 674 1713; baseline -0.003 0"><span class='ocrx_word' id='word_1_123' title='bbox 81 1671 203 1713; x_wconf 80' lang='lat' dir='ltr'>multi</span> <span class='ocrx_word' id='word_1_124' title='bbox 221 1669 480 1712; x_wconf 86' lang='lat' dir='ltr'>mentionem</span> <span class='ocrx_word' id='word_1_125' title='bbox 502 1668 674 1711; x_wconf 83' lang='lat' dir='ltr'>faciunt.</span> 
     </span>
    </p>
   </div>
   <div class='ocr_carea' id='block_1_8' title="bbox 526 1804 1006 1862">
    <p class='ocr_par' dir='ltr' id='par_1_8' title="bbox 526 1804 1006 1862">
     <span class='ocr_line' id='line_1_19' title="bbox 526 1804 1006 1862; baseline 0 -15"><span class='ocrx_word' id='word_1_126' title='bbox 526 1819 769 1848; x_wconf 77' lang='lat' dir='ltr'>ANNOTA&#39;HO</span> <span class='ocrx_word' id='word_1_127' title='bbox 807 1804 868 1862; x_wconf 82' lang='lat'>(7)</span> <span class='ocrx_word' id='word_1_128' title='bbox 905 1805 1006 1847; x_wconf 88' lang='lat' dir='ltr'>ibid.</span> 
     </span>
    </p>
   </div>
   <div class='ocr_carea' id='block_1_9' title="bbox 86 1942 1448 2353">
    <p class='ocr_par' dir='ltr' id='par_1_9' title="bbox 86 1942 1448 2353">
     <span class='ocr_line' id='line_1_20' title="bbox 144 1942 1443 1999; baseline 0.002 -13"><span class='ocrx_word' id='word_1_129' title='bbox 144 1945 234 1987; x_wconf 90' lang='lat' dir='ltr'>Hoc</span> <span class='ocrx_word' id='word_1_130' title='bbox 258 1945 382 1988; x_wconf 84' lang='lat' dir='ltr'>etiam</span> <span class='ocrx_word' id='word_1_131' title='bbox 408 1943 450 1985; x_wconf 90' lang='lat' dir='ltr'>in</span> <span class='ocrx_word' id='word_1_132' title='bbox 471 1958 551 1985; x_wconf 87' lang='lat' dir='ltr'>usu</span> <span class='ocrx_word' id='word_1_133' title='bbox 575 1942 759 1999; x_wconf 88' lang='lat' dir='ltr'>positum</span> <span class='ocrx_word' id='word_1_134' title='bbox 784 1943 896 1999; x_wconf 85' lang='lat' dir='ltr'>apud</span> <span class='ocrx_word' id='word_1_135' title='bbox 916 1942 1128 1985; x_wconf 86' lang='lat' dir='ltr'>Romanos</span> <span class='ocrx_word' id='word_1_136' title='bbox 1146 1977 1156 1993; x_wconf 90' lang='lat'>,</span> <span class='ocrx_word' id='word_1_137' title='bbox 1176 1953 1222 1986; x_wconf 87' lang='lat' dir='ltr'>ut</span> <span class='ocrx_word' id='word_1_138' title='bbox 1241 1947 1443 1989; x_wconf 75' lang='lat' dir='ltr'>cadavera</span> 
     </span>
     <span class='ocr_line' id='line_1_21' title="bbox 86 2013 1444 2073; baseline 0.002 -18"><span class='ocrx_word' id='word_1_139' title='bbox 86 2023 306 2072; x_wconf 82' lang='lat' dir='ltr'>parentum</span> <span class='ocrx_word' id='word_1_140' title='bbox 331 2029 351 2055; x_wconf 86' lang='lat' dir='ltr'>a</span> <span class='ocrx_word' id='word_1_141' title='bbox 378 2013 497 2062; x_wconf 86' lang='lat' dir='ltr'>filiis,</span> <span class='ocrx_word' id='word_1_142' title='bbox 529 2020 807 2070; x_wconf 82' lang='lat' dir='ltr'>cognatorum</span> <span class='ocrx_word' id='word_1_143' title='bbox 838 2028 857 2053; x_wconf 78' lang='lat' dir='ltr'>a</span> <span class='ocrx_word' id='word_1_144' title='bbox 883 2014 1228 2071; x_wconf 82' lang='lat' dir='ltr'>consanguineis,</span> <span class='ocrx_word' id='word_1_145' title='bbox 1264 2017 1444 2073; x_wconf 83' lang='lat' dir='ltr'>impera-</span> 
     </span>
     <span class='ocr_line' id='line_1_22' title="bbox 88 2081 1447 2141; baseline 0.002 -15"><span class='ocrx_word' id='word_1_146' title='bbox 88 2093 226 2126; x_wconf 84' lang='lat' dir='ltr'>torum</span> <span class='ocrx_word' id='word_1_147' title='bbox 244 2100 264 2125; x_wconf 83' lang='lat' dir='ltr'>a</span> <span class='ocrx_word' id='word_1_148' title='bbox 279 2084 539 2141; x_wconf 86' lang='lat' dir='ltr'>principibus</span> <span class='ocrx_word' id='word_1_149' title='bbox 558 2091 725 2124; x_wconf 84' lang='lat' dir='ltr'>senatus</span> <span class='ocrx_word' id='word_1_150' title='bbox 748 2081 1002 2125; x_wconf 82' lang='lat' dir='ltr'>efferrentur</span> <span class='ocrx_word' id='word_1_151' title='bbox 1016 2087 1068 2126; x_wconf 80' lang='lat' dir='ltr'>ad</span> <span class='ocrx_word' id='word_1_152' title='bbox 1084 2100 1231 2141; x_wconf 80' lang='lat' dir='ltr'>rogum</span> <span class='ocrx_word' id='word_1_153' title='bbox 1245 2088 1310 2128; x_wconf 78' lang='lat' dir='ltr'>vel</span> <span class='ocrx_word' id='word_1_154' title='bbox 1326 2089 1447 2129; x_wconf 83' lang='lat' dir='ltr'>adtu-</span> 
     </span>
     <span class='ocr_line' id='line_1_23' title="bbox 87 2154 1446 2211; baseline 0.004 -15"><span class='ocrx_word' id='word_1_155' title='bbox 87 2157 265 2196; x_wconf 87' lang='lat' dir='ltr'>mulum.</span> <span class='ocrx_word' id='word_1_156' title='bbox 310 2154 379 2196; x_wconf 89' lang='lat' dir='ltr'>Sic</span> <span class='ocrx_word' id='word_1_157' title='bbox 418 2154 718 2211; x_wconf 86' lang='lat' dir='ltr'>posterioribus</span> <span class='ocrx_word' id='word_1_158' title='bbox 742 2169 910 2210; x_wconf 84' lang='lat' dir='ltr'>quoque</span> <span class='ocrx_word' id='word_1_159' title='bbox 934 2156 1096 2197; x_wconf 83' lang='lat' dir='ltr'>saeculis</span> <span class='ocrx_word' id='word_1_160' title='bbox 1131 2157 1273 2200; x_wconf 86' lang='lat' dir='ltr'>divum</span> <span class='ocrx_word' id='word_1_161' title='bbox 1300 2158 1446 2201; x_wconf 74' lang='lat' dir='ltr'>Ludo-</span> 
     </span>
     <span class='ocr_line' id='line_1_24' title="bbox 90 2224 1448 2285; baseline 0.004 -19"><span class='ocrx_word' id='word_1_162' title='bbox 90 2227 229 2267; x_wconf 89' lang='lat' dir='ltr'>vicum</span> <span class='ocrx_word' id='word_1_163' title='bbox 256 2225 435 2282; x_wconf 89' lang='lat' dir='ltr'>Philippi</span> <span class='ocrx_word' id='word_1_164' title='bbox 481 2224 555 2267; x_wconf 88' lang='lat' dir='ltr'>filii</span> <span class='ocrx_word' id='word_1_165' title='bbox 601 2240 650 2267; x_wconf 85' lang='lat' dir='ltr'>ac</span> <span class='ocrx_word' id='word_1_166' title='bbox 687 2226 946 2267; x_wconf 86' lang='lat' dir='ltr'>successoris</span> <span class='ocrx_word' id='word_1_167' title='bbox 970 2228 1135 2269; x_wconf 85' lang='lat' dir='ltr'>cervice</span> <span class='ocrx_word' id='word_1_168' title='bbox 1156 2239 1368 2285; x_wconf 83' lang='lat' dir='ltr'>portatum</span> <span class='ocrx_word' id='word_1_169' title='bbox 1396 2231 1448 2272; x_wconf 83' lang='lat' dir='ltr'>ad</span> 
     </span>
     <span class='ocr_line' id='line_1_25' title="bbox 90 2295 1217 2353; baseline 0.004 -16"><span class='ocrx_word' id='word_1_170' title='bbox 90 2295 304 2351; x_wconf 85' lang='lat' dir='ltr'>majorum</span> <span class='ocrx_word' id='word_1_171' title='bbox 323 2296 515 2353; x_wconf 84' lang='lat' dir='ltr'>sepulcra</span> <span class='ocrx_word' id='word_1_172' title='bbox 532 2296 842 2352; x_wconf 83' lang='lat' dir='ltr'>cognoscimus.</span> <span class='ocrx_word' id='word_1_173' title='bbox 870 2296 954 2339; x_wconf 90' lang='lat' dir='ltr'>Sed</span> <span class='ocrx_word' id='word_1_174' title='bbox 971 2298 1061 2340; x_wconf 78' lang='lat' dir='ltr'>haec</span> <span class='ocrx_word' id='word_1_175' title='bbox 1080 2300 1217 2342; x_wconf 80' lang='lat' dir='ltr'>obvia.</span> 
     </span>
    </p>
   </div>
   <div class='ocr_carea' id='block_1_10' title="bbox 484 2433 1061 2491">
    <p class='ocr_par' dir='ltr' id='par_1_10' title="bbox 484 2433 1061 2491">
     <span class='ocr_line' id='line_1_26' title="bbox 484 2433 1061 2491; baseline -0.002 -15"><span class='ocrx_word' id='word_1_176' title='bbox 484 2448 728 2476; x_wconf 72' lang='lat' dir='ltr'>ANNOTArlo</span> <span class='ocrx_word' id='word_1_177' title='bbox 765 2433 826 2490; x_wconf 90' lang='grc'>(8)</span> <span class='ocrx_word' id='word_1_178' title='bbox 861 2448 953 2491; x_wconf 79' lang='lat' dir='ltr'>pag.</span> <span class='ocrx_word' id='word_1_179' title='bbox 995 2448 1061 2475; x_wconf 87' lang='lat'>20.</span> 
     </span>
    </p>
   </div>
   <div class='ocr_carea' id='block_1_11' title="bbox 153 2569 1453 2683">
    <p class='ocr_par' dir='ltr' id='par_1_11' title="bbox 153 2569 1453 2683">
     <span class='ocr_line' id='line_1_27' title="bbox 153 2569 1453 2630; baseline -0.003 -14"><span class='ocrx_word' id='word_1_180' title='bbox 153 2573 371 2616; x_wconf 74' lang='lat' dir='ltr'>orariam</span> <span class='ocrx_word' id='word_1_181' title='bbox 395 2571 499 2630; x_wconf 89' lang='lat' dir='ltr'>quid</span> <span class='ocrx_word' id='word_1_182' title='bbox 534 2572 605 2620; x_wconf 84' lang='lat' dir='ltr'>sit,</span> <span class='ocrx_word' id='word_1_183' title='bbox 633 2570 820 2615; x_wconf 85' lang='lat' dir='ltr'>Nannius</span> <span class='ocrx_word' id='word_1_184' title='bbox 841 2569 1017 2628; x_wconf 83' lang='lat' dir='ltr'>exponit</span> <span class='ocrx_word' id='word_1_185' title='bbox 1041 2571 1083 2613; x_wconf 92' lang='lat' dir='ltr'>in</span> <span class='ocrx_word' id='word_1_186' title='bbox 1107 2569 1222 2613; x_wconf 89' lang='lat' dir='ltr'>hunc</span> <span class='ocrx_word' id='word_1_187' title='bbox 1246 2570 1422 2614; x_wconf 87' lang='lat' dir='ltr'>modum</span> <span class='ocrx_word' id='word_1_188' title='bbox 1444 2587 1453 2612; x_wconf 89' lang='lat'><strong>:</strong></span> 
     </span>
     <span class='ocr_line' id='line_1_28' title="bbox 1227 2641 1296 2683; baseline 0.029 -2"><span class='ocrx_word' id='word_1_189' title='bbox 1227 2641 1296 2683; x_wconf 84' lang='lat'>30.</span> 
     </span>
    </p>
   </div>
  </div>
 </body>
</html>
