1774 3158
324 301 403 343 170
857 301 889 327 s.
927 299 1120 328 AMBROSII

313 380 355 421 in
377 394 553 436 corpore
575 378 796 436 animaque
812 388 1025 421 naturam.
1053 378 1144 420 Non
1167 377 1279 420 enim
1302 386 1412 420 esset
1436 377 1512 420 Dei
1534 379 1670 421 homi-

305 457 492 505 numque
515 450 721 491 mediator
742 450 821 491 nisi
854 450 964 491 idern
988 450 1100 490 Deus
1130 449 1326 504 idemque
1345 449 1471 490 homo
1489 449 1531 490 in
1554 458 1664 492 utro·

323 536 404 577 que
422 529 464 561 et
489 536 597 562 unus
618 529 726 563 esset
751 530 792 562 et
814 536 951 563 verus.

378 591 589 633 V.Invitat
601 591 775 648 quidem
796 607 871 632 nos
890 589 1215 632 adlatitudinem
1234 590 1465 632 disserendi
1486 590 1672 632 materia}

318 661 592 717 magnitud03
638 662 710 702 sed
743 662 854 718 apud
894 660 1175 702 eruditionem
1203 668 1319 700 tuam
1343 674 1426 701 non
1463 668 1526 701 est
1554 660 1673 716 copia

312 731 546 773 laborandi.
571 732 696 788 Apud
719 739 758 773 te
775 740 836 773 est
852 730 1120 776 Bethlehem,
1135 729 1175 770 in
1198 745 1278 785 qua
1303 729 1668 787 salutifer-virginis

312 810 458 858 partus
484 802 644 850 illuxit,
670 816 797 857 quem
828 801 1063 841 involutum
1095 800 1269 856 pannis,
1313 800 1422 840 inter
1458 800 1672 856 angustias

310 873 526 915 diversorii
551 887 736 929 praesepe
760 872 955 928 suscepit.
987 870 1111 927 Apud
1131 879 1170 911 te
1192 878 1255 911 est
1288 870 1500 911 declarata
1517 871 1568 911 ab
1592 870 1675 912 An-

311 943 412 999 gelis
434 975 443 989 ‚
476 943 647 983 adorata
674 942 835 998 aMagis
854 973 864 989 ,
894 950 987 997 post
1014 942 1248 981 multorum
1272 939 1495 982 infantium
1515 940 1567 981 ab
1589 941 1676 983 He-

314 1013 416 1054 rode
446 1021 626 1053 mortem
650 1011 876 1053 Salvatoris
906 1012 1078 1052 infantia
1099 1019 1162 1052 est
1185 1019 1417 1067 persecuta.
1446 1010 1572 1067 Apud
1599 1019 1638 1052 te
1663 1043 1673 1058 ,

314 1083 508 1138 inquam,
530 1083 648 1123 locus
671 1090 757 1130 est,
782 1082 854 1123 ubi
876 1082 1056 1139 pueritia
1075 1082 1280 1130 adolevit,
1303 1081 1375 1122 ubi
1395 1081 1676 1123 adolescentia

315 1152 566 1200 maturavit,
592 1160 639 1193 ut
656 1167 730 1208 per
742 1152 1003 1193 incrementa
1022 1166 1224 1208 corporea
1237 1151 1279 1191 in
1293 1151 1429 1191 virum
1441 1150 1677 1207 perfectum

318 1221 404 1262 veri
435 1221 618 1263 hominis
654 1230 803 1263 natura
842 1221 1043 1278 profecit,
1076 1236 1162 1263 non
1184 1221 1274 1262 sine
1293 1221 1389 1262 cibo
1415 1220 1674 1269 esuritionis,

320 1305 404 1332 non
431 1291 519 1333 sine
543 1307 692 1334 somno
718 1292 894 1348 quietis,
916 1307 998 1333 non
1022 1291 1110 1333 sine
1133 1291 1236 1333 ssetu
1259 1291 1537 1333 miserationis
1553 1323 1564 1341 ‚
1600 1306 1676 1333 nec

321 1361 408 1403 sine
428 1377 581 1419 pavore
605 1362 855 1404 formidinis.
884 1364 998 1405 Unus
1026 1363 1138 1404 enim
1160 1372 1283 1419 atque
1317 1363 1428 1404 idem
1451 1372 1512 1405 est
1533 1361 1603 1419 qui
1637 1363 1678 1403 in

327 1430 404 1472 Dei
425 1432 557 1473 forma
577 1441 776 1488 operatur
794 1433 999 1474 miracula
1018 1448 1177 1489 magnae
1202 1433 1378 1474 virtutis.

378 1501 445 1543 Vl.
466 1503 518 1544 Ut
547 1511 686 1544 autem
710 1512 923 1559 repararet
940 1502 1130 1543 omnium
1148 1503 1290 1551 vitam,
1307 1498 1473 1559 recepit
1489 1502 1678 1543 omnium

325 1585 493 1613 causam
510 1584 577 1614 :et
595 1573 677 1614 vim
694 1573 843 1614 veteris
868 1573 1138 1629 chirographi
1153 1606 1163 1621 ,
1191 1574 1304 1629 quod
1331 1573 1443 1614 solus
1462 1573 1571 1614 inter
1587 1587 1679 1614 om-

328 1657 401 1684 nes
425 1658 507 1684 non
534 1644 703 1690 debuit,
728 1658 804 1700 pro
822 1644 1019 1684 omnibus
1041 1644 1242 1684 solvendo
1260 1643 1453 1685 vacuavit
1476 1658 1485 1684 ε
1507 1651 1552 1684 ut
1573 1643 1681 1685 sicut

325 1728 401 1770 per
417 1715 540 1755 unius
558 1723 721 1756 reatum
748 1729 896 1755 omnes
918 1713 1016 1755 facti
1037 1712 1206 1754 fuerant
1227 1721 1492 1769 peccatores,
1531 1713 1587 1755 ita
1608 1729 1681 1770 per

326 1784 450 1824 unius
472 1783 757 1825 innocentiam
777 1798 921 1825 omnes
944 1782 1096 1825 fierent
1125 1784 1372 1824 innocentes
1393 1798 1402 1824 :
1430 1782 1528 1825 inde
1544 1783 1586 1824 in
1608 1783 1681 1825 ho-

328 1854 442 1895 mine
464 1863 658 1896 manente
678 1854 860 1910 justitia,
885 1854 957 1895 ubi
988 1863 1050 1895 est
1079 1862 1272 1910 suscepta
1295 1853 1478 1894 humana
1515 1861 1676 1894 natura.

324 1922 444 1965 Nulla
472 1924 584 1965 enim
604 1923 767 1964 ratione
791 1932 906 1965 extra
929 1924 1060 1964 nostri
1087 1923 1273 1980 corporis
1312 1923 1546 1963 veritatem.
1576 1921 1682 1964 Nam

330 1994 426 2050 quia
449 1994 697 2050 captivitatis
721 2002 872 2035 nostrae
893 1993 1109 2050 originalia
1134 1994 1299 2033 vincula
1323 1992 1425 2033 solvi
1447 2006 1531 2033 non
1568 2000 1684 2048 pote-

331 2073 448 2113 rant,
476 2065 758 2106 nisiexisteret
777 2064 903 2105 homo
924 2065 1054 2105 nostri
1073 2064 1237 2120 generis
1251 2072 1486 2119 nostraeque
1506 2072 1679 2112 naturae,

331 2151 454 2191 quem
483 2135 605 2193 primi
629 2134 874 2192 praejudicia
897 2150 981 2176 non
1007 2143 1226 2182 tenerent,
1252 2143 1292 2175 et
1316 2134 1387 2190 qui
1407 2134 1682 2176 immaculato

331 2205 532 2262 sanguine
553 2221 628 2247 suo
651 2205 978 2262 chirographum
1001 2205 1154 2246 lethale
1173 2205 1378 2252 dilueret,
1404 2204 1512 2246 sicut
1528 2213 1617 2246 erat
1632 2205 1681 2246 ab

330 2275 448 2316 initio
477 2275 674 2317 divinitus
697 2275 1049 2332 praeordinatum3
1075 2275 1129 2316 ita
1153 2283 1214 2315 est
1238 2275 1279 2315 in
1302 2274 1563 2330 plenitudine
1576 2289 1684 2331 prae-

327 2344 434 2386 finiti
454 2346 651 2402 temporis
676 2346 855 2393 sactum3
878 2355 924 2387 ut
947 2345 1086 2386 multis
1105 2345 1241 2386 modis
1261 2343 1493 2400 significata
1514 2344 1683 2401 promis-

331 2416 390 2457 sio
409 2416 479 2457 diu
511 2424 730 2471 expectato
763 2416 922 2457 veniret
955 2414 1134 2462 effecum
1161 2429 1239 2455 nec
1264 2422 1404 2471 posset
1427 2429 1517 2455 esse
1554 2414 1684 2455 ambi-

331 2501 458 2543 guum
483 2487 596 2541 quod
612 2485 822 2527 continuis
837 2485 1216 2542 significationibus
1239 2500 1406 2542 semper
1425 2485 1562 2526 fuerat
1581 2499 1685 2525 nun-

330 2557 492 2597 tiatum.
522 2556 566 2595 In
612 2571 763 2612 magno
794 2564 933 2598 autem
957 2556 1177 2612 sacrilegio
1204 2556 1365 2596 diversa
1391 2555 1687 2597 haereticorum
1720 2602 1727 2616 ι

327 2626 515 2683 impietas
537 2625 831 2670 manifestatur
853 2659 864 2677 ,
890 2640 987 2671 cum
1025 2626 1165 2684 specie
1202 2626 1367 2671 deitatis
1389 2625 1646 2670 honorandae
1669 2657 1681 2675 ,
