1774 3158
329 256 378 282 DE
412 255 504 281 FIDE
538 253 900 288 nnsunnssc'rxoms,
936 255 1016 283 LlB.
1053 257 1096 284 11.
1341 247 1392 289 35

62 330 201 375 saeculi
230 330 355 386 hujus
388 331 570 371 absolvat
600 330 795 370 aerumnis
825 345 834 370 :
860 339 1100 386 postremo,
1133 335 1228 390 quia
1259 341 1396 383 somni

59 402 196 459 specie
227 402 298 442 ubi
331 401 380 442 ab
414 399 528 441 istius
552 400 697 441 mundi
728 400 871 441 labore
906 401 1139 456 requietum
1172 405 1251 454 sit,
1277 406 1393 465 vigor

63 472 182 514 nobis
202 471 380 512 vivacior
402 470 656 511 refundatur.
687 469 825 520 Quem
849 469 1035 510 dolorem
1058 486 1140 513 non
1157 476 1313 517 soletur
1331 494 1400 520 re-

63 541 331 583 surrectionis
368 538 528 595 gratia?
562 553 687 594 quem
725 553 810 579 non
845 539 1040 581 excludat
1075 556 1325 594 moerorem,
1367 549 1400 591 si

66 612 209 653 credas
231 610 335 651 nihil
357 609 492 665 perire
526 617 685 655 morte3
725 607 808 649 imo
839 607 976 664 ssipsius
1009 610 1155 652 mortis
1187 615 1401 659 celeritate

67 681 180 728 fieri,
200 688 246 720 ut
267 680 359 735 plus
382 679 517 734 perire
541 693 623 718 non
645 677 807 733 possit?
828 677 917 718 Erit
939 693 1057 734 ergo,
1075 678 1222 722 fratres
1244 684 1404 728 charis-

68 751 185 797 simi,
208 759 254 791 ut
274 750 314 790 in
339 748 629 789 adhortatione
650 747 862 788 communi
883 779 894 795 ,
918 747 1043 788 etiam
1070 749 1187 792 fratri
1215 763 1406 798 nostrum

69 821 299 878 pendamus
316 817 510 859 affectum
532 833 541 856 ε
562 832 639 857 nec
657 817 707 857 ab
725 831 774 857 eo
791 816 953 872 longius
971 817 1155 860 deviasse
1172 821 1406 876 videamur,

71 891 103 932 si
133 904 207 946 per
238 887 553 929 resurrectionis
585 900 724 942 spem,
760 894 801 927 et
826 886 974 927 suturae
1003 888 1143 944 gloriae
1164 893 1410 939 suavitatem

72 959 196 1001 etiam
219 957 259 998 in
283 971 474 998 sermone
496 956 614 997 nobis
639 955 762 997 hodie
787 955 1015 998 reviviscat.

130 1026 198 1069 IV.
236 1026 460 1068 Ordiamur
485 1026 609 1081 igitur
642 1026 692 1065 ab
727 1040 801 1072 e0,
836 1033 884 1066 ut
909 1025 1139 1082 lugendum
1164 1032 1285 1074 nobis
1316 1050 1414 1077 nos-

76 1106 235 1139 trorum
259 1096 419 1136 obitum
439 1110 521 1136 non
545 1110 634 1135 esse
653 1096 889 1135 doceamus.
914 1095 1026 1146 Quid
1043 1098 1154 1139 enim
1173 1101 1413 1155 absurdius,

77 1181 200 1223 quam
225 1173 269 1205 nt
291 1165 331 1205 id
353 1166 465 1220 quod
487 1165 592 1205 scias
624 1165 817 1205 omnibus
845 1179 933 1205 esse
958 1168 1267 1225 praescriptum,
1303 1176 1420 1231 quasi

79 1235 258 1291 speciale
279 1233 496 1289 deplores?
513 1233 600 1274 Hoc
616 1241 677 1274 est
701 1234 885 1274 animum
902 1248 1027 1292 supra
1046 1239 1329 1284 conditionem
1348 1259 1422 1285 ex-

81 1307 245 1351 tollere,
271 1305 405 1360 legem
428 1318 511 1343 non
535 1303 720 1359 recipere
750 1317 1018 1347 communem
1034 1338 1043 1355 ‚
1069 1317 1228 1351 naturae
1250 1326 1425 1355 consor-

84 1376 185 1418 tium
220 1388 435 1421 recusare,
475 1381 658 1413 mentem
694 1374 830 1414 carnis
864 1374 1024 1426 inflari,
1062 1386 1104 1419 et
1134 1381 1268 1423 carnis
1300 1383 1428 1440 ipsius

86 1443 244 1486 nescire
261 1456 513 1483 mensuram.
537 1442 651 1492 Quid
675 1443 893 1484 absurdius
911 1477 919 1491 ‚
942 1460 1065 1500 quam
1087 1449 1250 1491 nescire
1269 1452 1338 1508 qui
1357 1447 1427 1503 sis,

87 1513 281 1555 affectare
307 1513 418 1566 quod
456 1526 540 1551 non
577 1511 666 1552 sis?
695 1512 779 1554 Aut
805 1513 906 1568 quid
937 1514 1269 1571 imprudentius,
1302 1536 1430 1577 quam

88 1584 199 1640 quod
220 1584 408 1624 futurum
435 1582 560 1629 scias,
588 1581 631 1623 id
651 1596 748 1623 cum
778 1584 1000 1632 acciderit,
1032 1586 1140 1628 ferre
1172 1603 1256 1630 non
1275 1589 1434 1647 posse?

88 1654 243 1698 Natura
273 1653 358 1709 ipsa
390 1667 464 1693 nos
491 1661 688 1700 revocat,
717 1661 757 1693 et
785 1653 834 1694 ab
866 1652 1158 1709 hujuscemodi
1182 1662 1434 1705 moeroribus

92 1725 270 1781 quadam
294 1723 356 1765 sui
379 1722 663 1764 consolatione
683 1723 892 1765 subducit.
917 1725 1020 1776 Quis
1038 1735 1098 1768 est
1115 1728 1226 1770 enim
1244 1738 1328 1772 tam
1345 1748 1440 1789 gra-

93 1795 152 1836 vis
177 1796 337 1840 luctus,
368 1801 438 1834 aut
461 1800 546 1833 tam
579 1793 753 1833 acerbus
775 1794 916 1842 dolor,
944 1795 984 1836 in
1013 1811 1094 1851 quo
1116 1812 1200 1839 non
1223 1800 1438 1845 interdum

95 1866 302 1906 relaxetur
324 1862 514 1904 animus?
534 1862 668 1903 Habet
689 1862 770 1903 hoc
793 1871 962 1911 natura,
982 1873 1030 1906 ut
1045 1867 1234 1921 quamvis
1249 1868 1440 1914 homines

99 1937 139 1977 in
162 1934 346 1976 tristibus
368 1933 493 1973 rebus
522 1931 629 1980 sint,
667 1941 807 1973 tamen
835 1933 867 1973 si
893 1935 1017 1975 modo
1050 1935 1241 1980 homines
1269 1948 1395 1990 sunt,
1420 1957 1441 1983 a

99 2020 278 2048 moerore
298 2012 481 2046 mentem
505 2003 716 2058 paulisper
744 2003 968 2045 abducant.

160 2076 207 2119 V.
226 2076 368 2116 Fuisse
381 2074 505 2114 eliam
525 2072 694 2128 quidam
712 2073 904 2114 seruntur
916 2075 1075 2131 populi,
1089 2076 1158 2132 qui
1174 2085 1295 2121 ortus
1306 2079 1444 2123 homi-

103 2166 203 2194 num
220 2151 424 2204 lugerent,
445 2144 667 2198 obitusque
685 2144 946 2186 celebrarent
963 2147 1069 2200 (12).
1097 2146 1183 2189 Nec
1198 2148 1446 2206 impruden-

105 2217 182 2268 ter3
202 2233 272 2260 eos
293 2216 403 2257 enim
426 2214 550 2270 quiin
573 2214 652 2254 hoc
678 2213 768 2254 vitae
789 2215 920 2255 salum
944 2215 1182 2266 venissent,
1209 2223 1447 2265 moerendos

106 2289 332 2348 putabant:
348 2301 416 2327 eos
429 2298 526 2325 vero
539 2284 669 2339 quiex
686 2283 800 2324 istius
819 2285 965 2326 mundi
978 2288 1173 2342 procellis
1192 2289 1447 2335 etssuctibus

108 2358 374 2402 emersissent
394 2389 404 2404 ‚
437 2369 522 2395 non
556 2352 710 2408 injusto
746 2354 894 2409 gaudio
928 2359 1240 2411 prosequendos
1272 2360 1445 2402 arbitra-

108 2431 273 2472 bantur.
301 2426 383 2468 Nos
398 2439 562 2481 quoque
586 2424 660 2479 ipsi
682 2425 836 2464 natales
861 2425 946 2466 (lies
967 2425 1265 2468 defunctorum
1286 2429 1450 2472 oblivis-

115 2500 272 2546 cimur,
297 2505 337 2539 et
359 2511 454 2537 eum
471 2529 481 2544 ‚
513 2509 594 2551 quo
625 2494 846 2543 obierunt,
875 2495 985 2538 diem
1007 2496 1163 2538 celebri
1189 2498 1459 2543 solemnitate

115 2582 363 2613 renovamus
386 2564 401 2616 (
420 2580 466 2606 12
488 2565 587 2610 bis).

1266 2641 1305 2683 3.
