1774 3158
326 244 377 268 DE
410 241 533 267 0131'1'U
569 240 867 267 VALENTINIANI
902 242 1172 268 coxsonvrlo.
1346 228 1426 267 505

145 316 313 360 XLVII.
347 316 536 372 Denique
562 316 694 358 David
717 316 967 357 moriturum
987 316 1117 358 filium
1142 317 1296 364 flebat,
1322 331 1432 356 mor-

86 397 207 429 tuum
237 401 320 427 non
346 387 526 428 dolebat.
560 387 730 434 Flebat,
763 401 815 427 ne
847 386 923 427 sibi
952 386 1215 442 eriperetur:
1237 388 1309 428 sed
1332 386 1434 427 ssere

87 458 233 500 desivit
258 457 492 513 ereptum¹‚
522 472 647 513 quem
679 457 837 498 sciebat
864 471 951 497 esse
976 471 1073 497 cum
1099 457 1278 497 Christo.
1314 458 1364 497 Et
1389 465 1435 497 ut

87 530 189 570 scias
224 536 484 569 verum‘esse
515 530 628 584 quod
657 543 816 575 assero,
850 527 1056 568 incestum
1092 527 1273 568 Ammon
1303 527 1434 569 filium

87 598 199 639 ssevit
234 597 466 645 occisun1²‚
493 598 747 654 parricidam
777 598 1009 638 Abessalon
1040 597 1174 637 doluit
1204 597 1434 653 interemp-

89 677 198 716 tum,
225 668 368 708 dicens
394 683 434 708 ια
450 668 579 709 Filius
602 683 719 709 meus
741 668 970 709 Abessalon
987 699 995 714 ,
1026 665 1134 707 filius
1158 682 1275 708 meus
1301 667 1435 708 Abes-

87 757 102 775 ι»
118 738 228 777 salon
244 736 303 784 3;»
328 737 595 778 innocentem
620 736 752 778 filium
776 752 856 778 non
880 737 1042 793 putavit
1064 751 1153 777 esse
1179 737 1432 791 lugendum3

89 806 182 861 quia
208 807 296 847 illos
331 806 407 848 sibi
440 807 609 863 periisse
641 823 715 864 pro
739 809 896 849 scelere
914 840 922 853 ‚
947 806 1062 847 hunc
1094 821 1171 862 pro
1196 805 1433 847 innocentia

89 876 266 917 credidit
290 892 377 918 esse
409 878 634 918 victurum.

146 947 328 988 XLVIII.
372 948 482 989 Nihil
498 963 596 1004 ergo
620 948 781 989 habetis
802 948 915 1003 quod
939 945 1182 1004 gravissime
1203 944 1375 987 doleatis
1397 944 1437 986 in

89 1016 214 1058 fratre
235 1032 243 1057 ε
266 1017 393 1059 homo
418 1027 537 1060 natus
555 1027 644 1066 est,
667 1018 861 1059 humanae
884 1017 962 1058 suit
980 1016 1187 1058 obnoxius
1210 1015 1432 1071 fragilitati.

91 1086 220 1128 Nemo
242 1103 284 1128 se
309 1088 476 1130 redimit
501 1103 520 1129 a
544 1096 679 1129 morte
695 1121 704 1135 ,
726 1102 810 1129 non
829 1087 941 1128 dives
958 1121 966 1135 ‚
988 1102 1071 1128 non
1094 1086 1168 1143 ipsi
1188 1102 1326 1143 reges;
1356 1086 1438 1126 imo

92 1157 166 1214 ipsi
197 1159 455 1214 gravioribus
492 1158 726 1214 subjacent.
765 1158 847 1199 Job
886 1158 989 1199 dixit
1025 1157 1307 1199 :«Numerati
1343 1155 1447 1209 annj,

93 1228 204 1269 »dati
238 1236 334 1269 sunt
366 1229 553 1284 potenti,
585 1228 713 1269 timor
744 1236 882 1268 autem
918 1227 1008 1283 ejus
1043 1228 1084 1267 in
1116 1227 1287 1267 auribus
1323 1222 1438 1281 eftlsg

93 1318 107 1336 »
122 1300 288 1353 qnando
303 1299 633 1339 videtui-habere
646 1313 810 1354 pacem,
825 1306 926 1338 tunc
945 1297 1082 1338 veniet
1100 1296 1190 1352 ejus
1204 1294 1396 1337 evei-sio·'⁸.
1414 1314 1428 1332 »

94 1369 218 1411 Vobis
242 1383 409 1424 quoque
440 1369 534 1425 ipsis
569 1377 650 1409 tam
684 1369 835 1410 acerba
864 1367 1058 1409 incidisse
1091 1367 1302 1423 patienter
1334 1367 1441 1406 ferre

96 1439 278 1486 dehetis,
300 1454 391 1494 quae
424 1438 570 1479 videtis
605 1438 722 1479 vobis
752 1437 992 1479 communia
1016 1453 1105 1478 esse
1129 1452 1225 1478 cum
1258 1436 1435 1478 Sanctis.

94 1508 228 1549 Etiam
256 1509 387 1549 David
418 1508 575 1549 amissis
613 1507 707 1548 filiis
740 1507 965 1548 destitutus
999 1516 1061 1548 est
1088 1521 1098 1547 t
1132 1514 1319 1563 optasset
1352 1505 1443 1546 illos

96 1578 196 1618 tales
231 1577 370 1625 obire,
393 1577 526 1633 qualis
557 1577 671 1618 vobis
695 1577 823 1618 frater
851 1585 1021 1634 ereptus
1044 1586 1107 1619 est
1134 1592 1143 1617 :
1170 1577 1238 1618 ille
1265 1575 1441 1617 crimina

98 1647 253 1693 doluit,
278 1663 361 1689 non
384 1648 541 1689 exitum
567 1647 764 1688 filiorum.

156 1718 308 1760 XLIX.
340 1718 423 1760 Sed
448 1728 537 1760 esto
564 1718 687 1760 fuerit
712 1719 1088 1775 ingemiscendum.
1112 1720 1341 1774 Quousque
1364 1717 1448 1759 luc-

99 1797 162 1829 tus
193 1797 380 1845 tempora
412 1788 744 1845 protrahuntur?
776 1789 965 1830 Duorum
989 1790 1197 1830 mensium
1235 1787 1444 1830 curricula

99 1857 138 1898 in
168 1858 338 1899 fraterni
369 1857 524 1899 funeris
543 1858 788 1913 quotidiano
821 1859 1025 1900 clausistis
1050 1861 1256 1915 amplexu,
1281 1859 1375 1899 Sola
1405 1857 1445 1897 in

99 1926 519 1984 ScripturisJephthe
540 1926 624 1968 filia
646 1926 768 1968 fletus
791 1928 853 1968 sui
876 1937 1065 1984 tempora
1083 1928 1321 1985 postulavit,
1345 1941 1446 1982 cog-

99 1997 185 2038 nito
223 1998 335 2053 quod
363 2006 479 2053 pater
495 1996 585 2052 ejus
605 1997 869 2052 profecturus
888 1998 939 2039 ad
956 2000 1145 2055 przeliun]
1164 2005 1335 2039 voverat
1352 1997 1447 2052 quia

99 2066 142 2107 id
165 2082 304 2108 rerum
334 2067 490 2124 potitus
508 2066 678 2108 offerret
696 2066 894 2114 Domino,
921 2069 1034 2123 quod
1058 2067 1134 2109 sibi
1166 2068 1348 2124 primum
1373 2080 1448 2106 oc-

101 2144 301 2178 curreret.
336 2137 433 2178 Post
467 2136 682 2177 victoriam
709 2138 933 2178 revertenti
965 2138 1152 2179 occurrit
1175 2136 1285 2185 filia,
1322 2150 1448 2192 gnara

100 2205 284 2261 pietatis,
313 2206 454 2262 ignara
480 2205 684 2262 promissi.
716 2205 827 2246 Vidit
850 2221 968 2256 eam,
994 2216 1035 2249 et
1067 2207 1273 2263 ingemuit
1300 2213 1442 2261 pater,

102 2275 242 2317 dicens
270 2290 311 2316 t«
325 2276 414 2316 Heu
438 2290 527 2324 me,
556 2273 638 2315 filia
656 2306 666 2322 ‚
687 2274 897 2331 impedisti
917 2291 983 2317 me
999 2308 1010 2324 ‚
1030 2276 1071 2317 in
1093 2277 1308 2318 stimulum
1329 2276 1450 2316 dolo-

102 2363 116 2383 »
132 2345 185 2387 ris
207 2346 316 2387 sacta
339 2361 382 2387 es
399 2346 515 2387 mihi.
538 2345 623 2402 Ego
641 2344 752 2386 enim
772 2346 916 2402 aperui
937 2362 981 2388 05
998 2362 1140 2389 meum
1160 2349 1210 2389 de
1235 2356 1274 2388 te
1300 2347 1349 2387 ad
1371 2346 1450 2386 Do-

102 2434 117 2453 »
133 2416 293 2457 minum
306 2448 316 2464 ,
337 2424 379 2458 et
398 2431 481 2457 non
498 2424 644 2473 potero
662 2424 861 2458 avertere.
878 2435 893 2455 n
916 2418 990 2459 Illa
1008 2418 1112 2460 dixit
1129 2418 1182 2460 ad
1202 2433 1298 2459 eum
1321 2431 1330 2458 :
1350 2418 1448 2457 «Pa-

150 2516 158 2530 ¹
177 2519 193 2538 2
213 2509 290 2550 fleg.
306 2519 365 2548 ιιι,
384 2519 435 2541 ²0.
458 2526 490 2532 --
505 2516 516 2530 ¹
539 2519 554 2539 2
575 2507 651 2549 Reg.
671 2517 743 2542 xm.
769 2507 821 2542 56.
840 2526 880 2532 —
897 2510 910 2533 ὓ
928 2520 944 2546 3
965 2510 1042 2552 Reg.
1068 2521 1161 2550 xvin,
1193 2511 1246 2543 33.
1277 2529 1316 2536 -ψ
1332 2511 1344 2535 ⁴
1370 2507 1445 2539 Job.

105 2573 158 2602 n,
184 2573 233 2594 20.
