1774 3158
376 218 427 245 DE
457 216 548 244 ΗΒΕ
583 215 946 251 RESURRECTIONIS,
982 217 1061 246 mn.
1102 217 1145 247 ιι.
1395 208 1443 248 51

101 304 170 338 aut
191 295 297 338 beno
320 303 532 352 gestorum
553 294 730 351 gratiam
756 309 1081 350 consequemur.
1113 296 1322 356 Resurget
1337 298 1452 340 anim

104 375 249 408 natura
270 368 432 412 eadem.
453 365 539 421 jam
560 365 775 421 stipendiis
806 366 952 406 mortis
972 366 1233 410 honoratior.
1260 369 1453 426 Denique

117 436 294 479 “Mortui
315 437 385 492 qui
407 437 447 477 in
466 435 634 477 Christo
658 444 782 483 sunt,
807 445 1028 493 resurgent
1049 438 1171 493 primi
1198 455 1207 480 ε
1239 439 1391 482 deinde
1412 449 1454 482 et

110 523 213 549 »nos
235 509 304 564 qui
322 506 495 548 vivimus
510 539 520 554 ,
548 506 710 561 inquit,
731 506 855 546 sImul
876 521 973 547 cum
998 506 1076 547 illis
1095 508 1361 564 rapiemurin
1380 525 1455 551 nu·

110 597 124 616 »
139 579 261 619 bibus
279 579 441 619 obviam
466 576 633 618 Christo
647 577 687 617 in
708 580 825 624 ae‘ra;
844 585 885 618 et
903 576 958 618 ita
979 592 1144 634 semper
1161 593 1256 620 cum
1275 574 1457 623 Domino

112 648 334 689 »erimus-¹.
361 665 374 685 ι)
407 647 468 688 Illi
494 647 641 702 primi,
677 647 859 687 viventes
884 655 1022 688 autem
1045 648 1232 690 secundi.
1271 650 1334 690 llli
1363 665 1458 692 cum

112 717 213 758 «Iesu
233 751 243 766 ,
263 718 446 758 viventes
470 732 543 772 per
564 716 723 757 Josun).
756 717 840 758 Illis
859 716 1022 758 dulcior
1036 717 1118 759 vita
1137 727 1230 774 post
1251 719 1459 775 requiem:

117 789 346 829 viventibus
361 789 435 830 etsi
456 796 570 844 grata
590 788 840 844 compendia
865 821 875 836 ,
901 796 1040 829 tamen
1065 788 1202 846 ignota
1229 792 1428 833 remedia.

176 857 327 900 XLIX.
365 857 476 900 Nihil
493 866 554 899 est
579 858 704 914 igitur
726 859 838 913 quod
864 858 904 899 in
931 866 1067 900 morte
1092 860 1312 901 timeamus
1330 893 1338 909 ,
1357 862 1462 904 nihil

121 929 233 985 quod
255 928 481 970 debeamus
509 929 650 969 dolere
669 945 679 976 ;
703 929 734 969 si
762 936 831 970 aut
853 937 1011 970 naturae
1034 930 1238 986 repetenti
1252 930 1346 979 vita,
1373 946 1464 988 quae

121 1007 292 1056 accepta
313 1007 375 1040 est
396 1031 404 1048 ,
430 1000 687 1055 rependatur
712 1014 721 1040 z
746 1007 816 1040 aut
837 1000 995 1057 petenti
1013 1000 1284 1058 impendatur
1307 1002 1462 1051 officio,

120 1071 160 1112 in
178 1085 260 1126 quo
281 1069 491 1127 religionis
510 1071 648 1111 cultus
665 1102 675 1120 ,
701 1079 772 1111 aut
795 1071 957 1112 virtutis
976 1086 1074 1112 usus
1096 1080 1171 1114 est.
1195 1072 1340 1128 Neque
1356 1074 1468 1115 enim

121 1141 338 1196 quisquam
362 1141 440 1181 sibi
459 1172 470 1188 ,
496 1149 542 1181 ut
563 1141 623 1182 sie
650 1150 866 1189 maneret,
902 1141 1070 1198 optavit.
1109 1141 1262 1184 Joanni
1295 1144 1471 1200 promis-

123 1227 212 1253 sum
235 1211 484 1251 :estimatum
506 1218 593 1258 est,
620 1213 693 1252 sed
716 1226 799 1253 non
819 1220 884 1253 est
905 1211 1154 1254 creditum².
1188 1212 1326 1254 Verba
1358 1223 1470 1256 tene-

122 1297 214 1323 mus
232 1313 242 1329 ,
265 1281 514 1321 sententiam
536 1281 785 1323 derivamus.
809 1283 902 1338 Ipse
921 1283 962 1323 in
980 1283 1087 1324 libro
1102 1291 1226 1339 negat
1242 1283 1336 1332 sibi,
1359 1286 1473 1340 quod

121 1367 204 1393 non
216 1358 467 1396 moreretur,
483 1365 571 1391 esse
588 1350 863 1406 promissum3
884 1367 937 1398 ne
954 1366 1080 1407 quem
1098 1367 1205 1393 vana
1224 1368 1320 1409 spes
1333 1368 1473 1395 exem-

122 1425 189 1480 plo
212 1423 447 1463 incesseret.
470 1421 597 1471 Quod
617 1421 649 1461 si
674 1421 716 1462 id
739 1422 843 1463 velle
868 1437 961 1478 spes
986 1423 1196 1470 insolens;
1224 1432 1383 1480 quanto
1406 1424 1473 1465 in-

122 1493 321 1535 solentius
337 1525 348 1538 ,
373 1492 489 1548 quod
505 1506 589 1532 non
614 1501 764 1548 praeter
785 1494 958 1534 modum
983 1493 1185 1535 acciderit
1207 1526 1218 1542 ,
1246 1495 1355 1536 ultra
1381 1510 1473 1537 mo-

124 1566 223 1606 dum
243 1564 382 1604 dolere
396 1551 419 1603 i?

183 1634 226 1678 L.
264 1633 449 1675 Gentiles
470 1633 719 1689 plerumque
737 1648 778 1675 se
797 1635 1069 1675 consolantur
1088 1634 1181 1681 viri,
1201 1635 1266 1676 vel
1288 1635 1340 1676 de
1363 1649 1475 1677 com-

124 1705 327 1748 munitate
348 1719 562 1752 aerumnae,
590 1707 657 1746 vel
680 1706 730 1746 de
752 1704 846 1761 jure
867 1712 1042 1754 naturae,
1067 1706 1133 1746 vel
1157 1706 1208 1747 de
1235 1706 1477 1748 immortali·

127 1784 211 1818 tate
247 1774 407 1815 animae.
450 1774 614 1824 Quibus
655 1775 815 1816 utinam
858 1790 997 1816 sermo
1033 1783 1263 1824 constaret,
1303 1790 1351 1818 ac
1391 1791 1475 1818 non

126 1846 321 1888 miseram
340 1845 521 1885 animam
540 1843 582 1885 in
597 1845 710 1885 varia
728 1854 1021 1902 portentorum
1041 1846 1221 1887 ludibria
1237 1846 1477 1902 formasque

128 1914 489 1958 transfunderent!
516 1913 630 1965 Quid
656 1915 782 1971 igitur
812 1931 886 1957 nos
913 1916 1050 1958 facere
1078 1925 1269 1973 oportet,
1297 1931 1477 1974 quorum

129 1985 381 2043 stipendium
401 1984 653 2025 resurrectio
671 1985 762 2026 est?
778 1985 899 2041 cujus
917 1986 1092 2042 gratiam
1107 1986 1307 2042 quoniam
1324 2001 1478 2043 negare

128 2056 314 2115 plerique
340 2069 424 2095 non
452 2062 646 2110 possunt,
681 2054 809 2097 fidem
842 2056 1048 2098 abnuunt.
1075 2056 1128 2098 Et
1158 2056 1252 2098 ideo
1278 2071 1371 2098 eam
1393 2071 1479 2098 non

131 2141 212 2168 uno
235 2132 484 2182 argumento
507 2124 661 2181 aliquo,
688 2125 760 2167 sed
782 2127 972 2183 pluribus
994 2127 1146 2176 modis,
1163 2134 1210 2169 ut
1234 2141 1474 2185 possumus,

131 2208 380 2243 astruamus,

187 2270 254 2313 LI.
290 2270 341 2311 Et
368 2268 537 2325 quidem
565 2268 706 2310 omnia
731 2277 802 2310 aut
827 2285 922 2320 usu,
953 2278 1024 2312 aut
1046 2269 1225 2318 ratione,
1251 2278 1325 2312 aut
1347 2284 1485 2312 exem-

132 2339 218 2397 plo,
235 2347 304 2380 aut
320 2353 369 2380 eo
391 2339 486 2395 quia
508 2340 710 2380 decorum
728 2340 780 2381 sit
796 2355 843 2382 ea
860 2355 966 2389 esse,
991 2340 1084 2382 ideo
1107 2355 1197 2382 esse
1222 2341 1481 2387 creduntur3

133 2418 175 2452 et
201 2409 253 2451 ad
279 2407 407 2451 fidem
435 2408 595 2466 singula
625 2408 919 2466 suffragantur.
943 2410 1082 2460 Usus,
1108 2409 1208 2466 quia
1234 2423 1480 2452 movemur:

134 2481 256 2530 ratio,
272 2480 367 2538 quia
382 2480 495 2537 quod
510 2488 666 2529 movet,
679 2480 842 2522 virtutis
859 2479 1030 2522 alterius
1048 2480 1247 2525 convenit
1258 2477 1454 2523 aestimari
1471 2491 1481 2525 ς

183 2579 191 2598 ¹
217 2585 227 2606 1
249 2573 360 2607 Thess
375 2584 419 2611 ιν,
441 2574 488 2611 ι5,
509 2574 560 2608 16.
582 2592 622 2600 ·-
645 2583 656 2598 ²
679 2572 776 2607 Joan.
792 2582 861 2616 xxi,
880 2572 928 2604 233.

1291 2627 1332 2682 4.
