1774 3158
281 273 361 312 332
831 283 862 311 s.
903 284 1095 312 Aiissssosu

333 361 450 404 XIX.
492 360 715 404 Mandatur
730 360 937 417 denique:
953 362 1089 404 Trade
1103 361 1332 404 basilicam.
1352 362 1629 420 Respondeo·

273 432 360 475 Nec
384 431 486 473 mihi
509 431 568 473 sas
590 440 654 474 est
678 432 868 473 tradere·
857 449 868 480 ;
905 447 983 473 nec
1013 431 1086 473 tibi
1127 432 1344 489 accipere,
1379 433 1632 491 Imperator,

275 502 456 558 expedit.
480 501 664 543 Domum
681 501 829 558 privati
846 502 961 542 nullo
975 511 1092 558 potes
1111 501 1204 557 jure
1223 511 1442 551 temerare,
1464 504 1635 544 domum
1662 499 1702 530 t

276 571 356 611 Dei
390 570 601 612 existimas
638 570 939 612 auferendam?
979 571 1194 627 Allegatur
1228 571 1468 627 imperatori
1505 572 1637 614 licere

275 639 438 688 omnia,
466 640 592 698 ipsius
614 656 704 682 esse
728 641 937 682 universa.
964 641 1241 697 Respondeo:
1270 641 1362 683 Noli
1385 651 1426 683 te
1446 657 1634 699 gravare,

276 711 527 767 Imperator,
546 719 593 752 ut
615 719 737 767 putes
757 719 797 753 te
821 712 861 752 in
884 726 930 753 ea
950 744 959 760 ,
990 726 1081 767 quae
1112 711 1250 753 divina
1278 720 1395 760 sunt,
1421 712 1638 769 imperiale

279 780 445 836 aliquod
468 781 535 836 jus
563 780 718 822 habere
747 781 880 837 (120).
908 782 1000 824 Noli
1020 791 1059 824 te
1077 783 1279 824 extollere
1293 815 1303 831 ,
1324 783 1397 824 sed
1419 783 1452 824 si
1472 783 1532 824 vis
1550 783 1637 825 diu-

278 850 359 891 tins
374 851 601 908 imperare,
616 859 705 893 esto
725 853 814 892 Deo
835 852 1040 894 subditus.
1071 850 1284 908 Scriptum
1300 860 1382 894 est:
1402 870 1416 889 α
1437 852 1541 905 Quae
1563 852 1640 894 Dei

279 920 409 973 »Deo,
423 922 514 977 qnae
537 921 709 963 Caesaris
732 922 920 964 Caesari¹.
938 941 952 960 n
967 923 1032 964 Ad
1054 922 1349 977 imperatorem
1368 923 1520 980 palatia
1538 937 1640 979 per-

277 989 429 1036 tinent,
456 991 506 1032 ad
536 992 797 1033 sacerdotem
815 991 1026 1034 Ecclesiae.
1049 991 1318 1034 Publicorum
1341 992 1416 1033 tibi
1436 993 1639 1034 moeniutn

278 1059 344 1116 jus
368 1060 641 1102 commissum
666 1069 749 1109 est,
776 1076 861 1102 non
889 1075 1118 1103 sacrorum.
1155 1062 1314 1103 Iterum
1345 1062 1499 1104 dicitur
1521 1055 1638 1104 man·
1679 1053 1684 1056 ‚

280 1130 399 1170 dasse
416 1130 712 1187 imperatorem
734 1145 743 1171 :
768 1130 912 1172 Debeo
930 1139 972 1173 et
989 1146 1065 1188 ego
1083 1146 1211 1172 unam
1228 1131 1444 1173 basilicam
1463 1131 1636 1173 habere.

279 1199 491 1255 Respondi
523 1214 532 1241 ε
565 1199 658 1243 Non
691 1199 767 1242 tibi
801 1199 900 1242 licet
933 1201 1046 1242 illam
1079 1201 1251 1242 habere.
1289 1200 1403 1252 Quid
1436 1200 1511 1242 tibi
1543 1215 1642 1243 cum
1677 1215 1679 1217 ·

283 1270 471 1311 adultera
486 1269 503 1312 P
521 1271 723 1313 Adultera
745 1278 806 1312 est
825 1271 954 1319 enim,
975 1287 1067 1328 quce
1086 1287 1169 1313 non
1193 1280 1255 1314 est
1280 1271 1469 1328 legitimo
1487 1271 1642 1314 Christi

284 1340 480 1397 conjugio
506 1343 1529 1398 copulata..

341 1410 438 1453 XX.
477 1412 588 1453 Dum
614 1412 702 1454 haec
723 1422 876 1463 tracto,
903 1421 1146 1454 sucr‘restum
1168 1421 1231 1454 est
1251 1413 1552 1455 mihicortinas
1577 1428 1643 1454 re-

283 1496 367 1537 gras
379 1497 467 1523 esse
484 1483 681 1524 collectas
699 1483 768 1536 (12
783 1484 841 1539 ι),
862 1445 1094 1537 reseffim
1077 1491 1214 1524 autem
1232 1484 1390 1540 populo
1412 1481 1642 1530 basilicam,

283 1552 548 1608 praesentiam
563 1553 645 1594 mei
666 1569 863 1610 poscere;
883 1554 1109 1610 statimque
1128 1568 1177 1595 eo
1197 1554 1384 1596 converti
1405 1568 1643 1596 sermonem

282 1637 447 1671 meum,
477 1624 619 1665 dicens
645 1639 653 1664 :
685 1624 826 1675 Quam
850 1626 929 1666 alta
951 1634 993 1666 et
1015 1624 1223 1681 profunda
1241 1625 1410 1666 oracula
1438 1633 1535 1666 sunt
1556 1623 1646 1681 Spi-

283 1695 387 1736 ritus
406 1695 566 1736 sancti!
608 1695 822 1738 Matutinis
859 1696 971 1737 horis
1007 1696 1164 1737 lectum
1186 1700 1271 1742 est,
1299 1704 1343 1736 ut
1376 1694 1642 1742 meministis,

284 1765 432 1807 fratros
448 1798 458 1813 ,
489 1767 602 1822 quod
620 1781 787 1808 summo
813 1765 941 1806 animi
970 1766 1114 1807 dolore
1136 1766 1438 1821 respondemus
1458 1780 1467 1806 :
1487 1782 1500 1802 <t
1514 1764 1644 1812 Deus,

284 1845 518 1878 »venerunt
541 1845 684 1893 gentes
710 1836 750 1877 in
775 1835 1064 1877 haereditatem
1098 1834 1252 1877 tuam2.
1281 1854 1295 1872 n
1326 1835 1378 1875 Et
1400 1848 1543 1875 revera
1577 1849 1648 1875 ve-

285 1916 439 1948 nerunt
460 1916 604 1964 gentes
618 1939 628 1954 ,
651 1916 693 1948 et
710 1908 804 1963 plus
821 1906 948 1948 etiam
966 1921 1091 1962 quam
1112 1915 1256 1963 gentes
1275 1913 1506 1952 venerunt3
1526 1918 1650 1945 vene·

285 1987 383 2019 runt
403 1978 516 2019 enim
543 1976 694 2024 Gothi,
717 1986 757 2018 et
783 1977 1042 2018 diversarum
1066 1975 1286 2017 nationum
1311 1975 1413 2015 viri:
1441 1981 1648 2016 venerunt

284 2065 381 2091 cum
405 2049 555 2096 armis,
589 2057 630 2089 et
663 2046 907 2089 circumfusi
944 2053 1260 2102 occupaverunt
1289 2043 1522 2085 basilicam.
1557 2043 1648 2085 Hoc

287 2135 361 2161 nos
382 2119 514 2176 ignari
538 2127 618 2160 tuae
640 2117 870 2160 altitudinis
904 2116 1175 2163 dolebamus,
1211 2113 1284 2156 sed
1317 2121 1457 2155 nostra
1490 2112 1652 2170 impru-

290 2190 428 2232 dentia
450 2189 855 2246 aliud-opinabatur.

344 2260 463 2303 XXI.
503 2252 721 2300 Venerunt
741 2266 885 2314 gentes
903 2289 912 2304 ,
933 2257 1006 2298 sed
1032 2270 1126 2297 vcro
1155 2255 1194 2296 in
1219 2254 1509 2297 haereditatem
1534 2261 1649 2295 tuam

289 2339 523 2379 venerunt3
548 2329 618 2386 qui
641 2329 752 2371 enim
771 2337 914 2386 gentes
935 2335 1157 2373 venerunt,
1178 2326 1276 2367 sacti
1296 2324 1642 2368 suntChristiani.

290 2403 372 2453 Qui
399 2404 450 2443 ad
467 2400 743 2443 invadendam
766 2399 1056 2442 haereditatem
1083 2407 1304 2446 venerunt,
1336 2397 1433 2439 sacti
1456 2405 1553 2439 sunt
1574 2411 1649 2438 co-

287 2474 474 2516 haeredes
499 2471 587 2513 Dei.
618 2470 873 2514 Defensores
904 2471 1067 2518 habeo,
1109 2485 1214 2526 quos
1248 2469 1388 2511 hostes
1417 2469 1645 2526 putabam:

288 2544 422 2587 socios
462 2551 608 2591 teneo,
637 2558 745 2600 quos
781 2541 1040 2585 adversarios
1073 2540 1348 2584 aestimabam.
1380 2539 1647 2598 Completum

335 2647 343 2662 ¹
361 2637 482 2669 Manli.
497 2648 575 2675 xxii,
593 2647 643 2669 21.
659 2653 699 2660 —-
719 2646 729 2661 ⁸
749 2635 834 2669 Psal.
857 2646 992 2676 mxxviii,
1012 2646 1040 2666 1.

1656 620 1669 662 l
1742 651 1745 654 -
1763 648 1772 653 -
