1774 3158
265 232 350 291 392
811 245 843 273 s·
883 244 1075 274 Aussnom

264 323 490 367 dimittitur
520 322 634 366 enim
658 322 836 374 mulier,
869 339 952 366 non
979 323 1230 374 absolutum
1256 325 1351 382 quia
1379 325 1521 368 deerat
1542 342 1614 370 ac-

263 402 455 444 cusator,
480 408 566 436 non
590 393 686 450 quia
704 393 944 436 innocentia
969 394 1238 451 probabatur.
1264 395 1376 447 Quid
1392 412 1490 454 ergo
1507 413 1610 454 que-

260 475 482 515 rerentur,
504 465 576 523 qui
597 464 759 523 priores
787 480 808 507 a
831 465 1124 522 persecutione
1149 466 1357 516 criminis,
1386 476 1427 510 et
1450 469 1499 510 ab
1521 485 1612 511 exe-

262 537 432 580 cutione
454 535 649 593 supplicii
667 536 947 578 destiterunt?

320 606 419 651 XX.
457 605 633 649 Addidit
662 614 802 648 autem
825 606 954 648 deviae
976 622 984 648 :
1008 622 1023 644 α
1047 605 1183 655 Vade,
1209 616 1248 648 et
1272 609 1422 650 amodo
1444 609 1537 652 vide
1560 626 1612 653 ne

259 692 454 735 »pecces.
482 676 763 720 »Emendavit
782 692 897 719 ream
916 710 925 725 ,
946 692 1031 718 non
1053 677 1213 719 crimen
1234 679 1422 721 absolvit.
1450 680 1614 724 Etenim

259 748 466 790 severiore
489 747 695 790 sententia
729 749 852 805 culpa
881 749 1129 796 damnatur,
1160 748 1192 789 si
1220 750 1507 806 unusquisque
1535 752 1618 793 cri-

260 833 358 860 men
375 833 497 861 suum
520 818 678 866 oderit,
699 827 740 860 et
763 818 804 859 in
830 834 871 859 se
894 818 1066 876 incipiat
1089 820 1374 861 condemnare
1398 820 1612 864 delictum.

261 889 429 931 Etenim
452 903 549 930 cum
580 903 676 929 reus
701 887 936 936 occiditur,
962 903 1140 945 persona
1166 890 1321 947 magis,
1347 905 1471 946 quan]
1498 892 1618 948 culpa

262 959 548 1016 puniturtubi
574 974 672 1000 vero
695 960 816 1015 culpa
839 959 1088 1016 deponitur,
1113 960 1322 1002 absolutio
1347 976 1535 1017 personae
1559 971 1623 1004 est

263 1043 388 1086 poena
414 1031 590 1085 peccati.
613 1029 727 1080 Quid
750 1037 811 1070 est
839 1044 937 1086 crgo
959 1045 967 1070 :
986 1047 1000 1067 α
1026 1029 1166 1078 Vade,
1199 1039 1239 1071 ct
1262 1031 1416 1073 amodo
1449 1031 1540 1073 vide
1568 1047 1620 1073 ne

266 1113 446 1155 »pecces
463 1097 481 1139 P
497 1118 512 1136 »
528 1099 608 1141 hoc
632 1108 695 1141 est
715 1114 724 1140 ε
751 1099 811 1141 Ex
832 1115 915 1156 quo
938 1108 977 1141 te
1001 1100 1193 1143 Christus
1213 1101 1419 1150 redemit,
1440 1102 1625 1158 corrigat

269 1167 425 1225 gratia,
450 1183 576 1226 quam
595 1184 721 1227 poena
745 1184 829 1212 non
857 1171 1127 1219 emendaret,
1152 1172 1225 1213 scd
1248 1172 1465 1229 plecteret.
1498 1171 1596 1213 Vale
1612 1203 1623 1219 ,

267 1236 328 1279 fili
344 1270 354 1286 ,
383 1245 424 1280 et
445 1253 521 1282 nos
544 1240 670 1297 dilige
689 1273 701 1290 ‚
723 1248 769 1283 ut
795 1239 928 1290 filius3
950 1241 1047 1298 quia
1068 1255 1143 1283 nos
1174 1249 1241 1291 te,
1267 1248 1314 1284 ut
1343 1248 1537 1298 parentes
1560 1239 1625 1282 di-

270 1307 452 1364 ligimus.
