1774 3158
314 279 365 305 DE
398 277 568 306 Excssssu
604 276 775 303 FRATRIS
812 276 872 303 SUI
907 277 1072 313 SATYRI,
1108 281 1185 308 LlB.
1225 281 1253 308 1.
1413 282 1468 323 27

115 355 248 398 libera
267 388 276 403 ‚
307 357 378 398 sed
399 370 449 397 ox
470 357 649 412 quadam
671 355 782 395 volut
803 355 1052 397 necessitate
1074 357 1212 400 facere
1237 359 1468 404 videretur.

114 426 276 468 Deinde
301 441 398 468 cum
423 441 568 467 omnes
599 432 747 480 rogent
769 456 778 471 ,
817 424 847 465 si
881 425 1099 467 exaudiret
1129 443 1274 470 omnes
1295 461 1306 477 ,
1347 444 1469 471 nemo

113 506 362 539 moreretur.
399 497 479 539 Pro
512 495 679 553 quantis
708 510 807 552 ergo
842 496 1030 551 quotidie
1068 499 1218 554 rogas?
1251 499 1469 556 Numquid

114 569 357 610 constitutio
384 568 459 610 Dei
480 567 835 623 contemplatione
858 567 1054 609 solvenda
1073 577 1135 609 cst
1152 569 1211 610 tui
1228 569 1245 610 P
1265 570 1351 612 Cur
1368 586 1466 627 ergo

112 653 195 679 non
221 639 490 696 impetratum
509 638 733 694 aliquando
752 638 868 679 doles
883 669 892 685 ,
910 638 1023 693 quod
1040 653 1123 679 non
1148 653 1314 696 semper
1331 640 1466 697 impe-

112 709 261 751 trabile
285 724 374 751 esse
399 707 642 765 cognoscis?

167 778 316 822 LXVI.
368 778 545 827 «Stulte,
573 778 732 834 inquit,
763 792 889 834 super
912 792 1058 819 omnes
1083 778 1305 827 mulieres,
1326 794 1466 821 nonne

109 849 253 891 »vides
275 851 436 891 luctum
462 857 651 891 nostrum
670 881 680 897 ,
707 857 748 890 et
772 863 864 904 quae
886 848 1008 889 nobis
1033 848 1331 906 contigerunt,
1355 865 1463 906 quo-

107 919 249 961 )›niam
273 918 372 960 Sion
395 928 530 960 mater
560 927 699 959 nostra
733 918 923 959 omnium
956 918 1122 960 tristitia
1161 920 1458 969 contristatur,

107 998 177 1030 »et
199 989 434 1031 humilitate
452 989 672 1031 humiliata
694 997 768 1031 est.
797 987 958 1045 Lugcte
977 989 1231 1031 validissime
1250 998 1291 1031 et
1312 1006 1424 1033 nunc
1445 1023 1457 1042 ‚

105 1060 331 1116 »quoniam
361 1075 506 1102 omnes
529 1062 720 1116 lugemus
741 1076 751 1107 3
792 1069 833 1102 et
855 1060 992 1101 tristes
1009 1060 1096 1102 sitis
1112 1094 1122 1108 ,
1149 1061 1345 1116 quoniam
1369 1077 1461 1103 om-

105 1145 206 1171 »nes
236 1130 470 1172 contristati
497 1145 640 1172 sumus
663 1145 671 1171 :
696 1139 740 1172 tu
759 1130 871 1172 enim
891 1130 1149 1172 contristaris
1164 1131 1204 1172 in
1223 1130 1362 1174 fratre.
1386 1133 1458 1174 In-

105 1218 120 1240 »
137 1209 299 1257 terroga
313 1208 469 1242 terram
485 1209 525 1242 et
538 1200 650 1242 dicet
668 1200 741 1241 tibi
755 1233 765 1249 ‚
784 1200 986 1256 quoniam
1004 1200 1094 1242 haec
1114 1209 1175 1242 est
1197 1216 1288 1257 quae
1310 1202 1459 1244 debeat

103 1272 299 1327 »lugero‚
333 1279 545 1312 tantorum
574 1278 785 1327 superstes
809 1270 1049 1326 germinum
1085 1285 1093 1310 ε
1120 1278 1160 1311 et
1182 1285 1232 1311 ex
1259 1270 1342 1327 ipsa
1361 1303 1371 1319 ,
1397 1272 1461 1312 in—

102 1342 222 1398 »quit
240 1373 250 1389 ‚
277 1341 326 1382 ab
355 1341 474 1382 initio
500 1356 646 1382 omnes
670 1340 780 1387 nati,
808 1349 847 1381 et
867 1340 933 1381 alii
956 1340 1146 1388 venient,
1172 1348 1212 1382 et
1229 1356 1328 1382 ecce
1351 1357 1457 1398 pene

103 1427 278 1454 »omnes
299 1411 340 1453 in
360 1411 639 1468 perditionem
663 1411 909 1459 ambulant,
947 1420 988 1452 et
1017 1411 1056 1453 in
1084 1411 1377 1454 exterminium
1411 1411 1457 1454 fit

103 1482 360 1523 »multitudo
380 1496 542 1523 eorum.
578 1481 629 1522 Et
652 1481 745 1536 quis
766 1496 864 1538 ergo
890 1482 1016 1523 debet
1034 1482 1178 1538 lugere
1196 1483 1351 1540 magis,
1379 1482 1455 1524 nisi

101 1567 222 1609 »quae
242 1560 325 1593 tam
349 1566 543 1607 magnam
572 1551 888 1593 multitudinem
922 1552 1128 1609 perdidit,
1153 1567 1279 1609 quam
1318 1561 1361 1594 tu
1386 1553 1455 1609 qui

100 1637 205 1679 »pro
230 1636 312 1662 uno
332 1621 468 1663 dolcs'
489 1621 525 1662 Ρ»

157 1692 323 1735 LXVII.
358 1692 595 1734 Absorbeat
619 1692 746 1749 igitur
775 1701 968 1734 nostrum
991 1694 1181 1734 dolorem
1216 1694 1453 1736 communis

100 1764 237 1810 dolor,
260 1771 300 1804 ct
320 1763 591 1804 acerbitatem
611 1763 768 1820 proprii
794 1764 985 1806 moeroris
1003 1765 1212 1806 excludat.
1232 1764 1323 1807 Non
1342 1766 1454 1807 enim

100 1834 242 1875 dolere
261 1833 464 1874 debemus
482 1847 551 1874 cos
568 1867 578 1882 ,
602 1830 704 1889 quos
718 1834 928 1875 cernimus
946 1835 1168 1876 liberatos:
1194 1850 1329 1891 neque
1342 1836 1452 1877 enim

99 1904 233 1946 otiose
256 1911 339 1944 tam
364 1912 528 1944 sanctas
551 1904 631 1944 hoc
657 1911 848 1960 tempore
871 1903 1029 1945 animas
1049 1905 1262 1962 corporeis
1275 1905 1452 1947 vinculis

98 1972 406 2015 reminiscimur
428 1973 652 2015 absolutas.
688 1974 879 2030 Namque
901 1977 1013 2017 velut
1030 1976 1170 2017 divino
1194 1975 1352 2031 judicio
1371 1985 1452 2017 tam

96 2058 238 2100 graves
265 2044 407 2084 viduas
426 2043 477 2084 ita
505 2059 587 2084 uno
608 2052 796 2100 tempore
814 2045 1031 2086 defunctas
1048 2046 1260 2094 videmus,
1285 2053 1330 2086 ut
1353 2061 1450 2102 pro-

97 2113 288 2156 fectionis
312 2113 481 2170 quidam
501 2113 694 2155 videatur
716 2130 909 2156 excessus
928 2149 936 2162 ,
968 2130 1051 2156 non
1076 2115 1222 2156 mortis
1243 2130 1416 2157 occasus
1437 2148 1446 2162 ‚

96 2199 151 2226 ne
171 2193 365 2226 veterana
391 2184 575 2225 emeritis
605 2184 821 2241 stipendiis
854 2185 1055 2242 pudicitia
1090 2185 1131 2226 in
1164 2184 1340 2227 dubium
1379 2185 1450 2227 diu

96 2255 244 2298 servati
271 2254 442 2312 pudoris
470 2254 694 2297 incideret.
734 2256 851 2306 Quos
873 2255 1054 2312 gemitus
1076 2256 1210 2305 mihi,
1243 2272 1347 2312 quos
1376 2258 1450 2297 do-

95 2327 205 2371 lores
223 2332 305 2366 tam
333 2324 480 2377 acerba
501 2324 654 2366 excitat
681 2326 947 2368 recordatio?
964 2327 1016 2368 Et
1039 2327 1070 2368 si
1093 2327 1345 2368 moerorihus
1364 2342 1450 2368 non

94 2394 293 2436 vacabam
316 2410 325 2441 3
355 2402 494 2435 tamen
520 2394 558 2434 in
579 2395 667 2451 ipso
692 2395 841 2437 dolore
865 2396 1026 2452 privato
1042 2429 1052 2445 ‚
1075 2396 1115 2437 in
1134 2396 1222 2453 ipso
1237 2404 1448 2437 tantorum

96 2463 244 2506 amisso
276 2463 381 2505 ssore
408 2463 656 2506 meritorum
673 2497 684 2513 ,
719 2467 958 2509 communis
982 2467 1173 2523 quaedam
1199 2474 1358 2508 naturae
1380 2480 1448 2507 me

142 2592 150 2606 ¹
168 2584 187 2621 4
204 2583 296 2616 Esdr.
317 2594 348 2621 x,
371 2583 464 2615 6-11.
