1774 3158
274 206 360 260 254
822 218 853 245 s.
895 218 1084 246 Amnnosu

268 311 437 339 versum
472 310 568 345 eos,
602 295 674 352 qui
715 295 1009 354 episcopatum
1036 297 1128 354 ejus
1162 297 1421 347 abnuerant,
1449 311 1624 354 compe-

267 366 695 424 rissent34praestolari
719 367 864 424 utique
886 369 1011 410 etiam
1031 376 1217 410 nostram
1240 384 1366 425 super
1388 384 1437 410 eo
1459 377 1624 410 senten-

267 438 368 479 tiam
395 438 645 479 debuerunt.
661 437 753 480 Non
770 439 1090 495 praerogativam
1114 437 1376 480 vindicamus
1394 438 1619 486 examinis,

267 509 342 551 sed
363 509 622 551 consortium
647 517 786 550 tamen
808 510 953 551 debuit
976 525 1066 551 esse
1088 509 1328 551 communis
1351 510 1527 554 arbitrii.

325 579 374 620 V.
412 579 627 620 Postremo
647 579 760 636 prius
784 588 978 621 constare
996 580 1182 636 oportuit
1196 612 1205 627 ,
1227 587 1367 621 utrum
1387 580 1485 621 huic
1505 579 1622 622 abro-
1656 619 1659 623 .

264 650 468 707 gaudum,
493 665 619 706 quam
650 649 716 692 alii
739 649 1042 692 conferendum
1066 649 1349 691 sacerdotium
1374 649 1617 698 videretur3

266 721 316 762 ab
343 720 407 762 his
434 720 664 777 praesertim
682 753 692 768 ,
726 735 747 761 a
778 720 934 776 quibus
956 736 999 761 so
1030 720 1233 762 Maximus
1256 721 1321 760 vel
1346 719 1619 768 destitutum,

264 791 329 832 vel
351 790 581 848 appetitum
617 790 771 846 injuria
793 792 1065 847 querebatur.
1098 792 1245 846 Itaque
1268 805 1365 832 cum
1392 790 1621 832 Maximum

263 861 510 918 episcopum
542 870 795 918 receperunt
825 861 866 903 in
897 862 1244 903 communionem
1277 869 1418 902 nostra
1448 875 1620 902 consor·

264 933 343 980 tia,
367 933 567 989 quoniam
591 947 689 974 eum
714 949 734 973 a
757 932 977 974 catholicis
1006 932 1194 974 constitit
1218 932 1423 989 episcopis
1448 931 1621 973 ordina-

261 1010 380 1051 tum,
405 1017 484 1044 nec
518 1003 568 1043 ab
600 1002 865 1059 episcopatus
896 1002 1350 1060 Constantinopolitani
1381 1003 1621 1059 putavimus

261 1073 463 1129 petitione
490 1074 811 1115 removendum.
841 1073 974 1129 Cujus
1012 1074 1305 1130 allegationem
1344 1073 1621 1129 praesentibus

260 1143 449 1200 partibus
471 1143 769 1184 {estimavimus
797 1158 889 1185 esse
913 1143 1195 1200 pendendam.
1225 1143 1466 1185 Nectarium
1495 1144 1616 1200 (102)

261 1221 401 1254 autem
449 1228 547 1255 cum
589 1229 724 1270 nuper
743 1221 888 1255 nostra
929 1213 1201 1255 mediocritas
1256 1211 1621 1269 Constantinopoli

259 1284 506 1340 cognoverit
531 1282 772 1326 ordinatum
789 1318 799 1333 ,
822 1283 1035 1326 cohaererc
1063 1284 1408 1326 communionem
1432 1291 1620 1325 nostram

258 1369 357 1396 cum
386 1354 672 1396 Orientalibus
696 1355 886 1412 partibus
913 1369 998 1397 non
1021 1355 1236 1403 videmus;
1265 1355 1497 1412 praesertim
1520 1369 1618 1396 cum

260 1426 311 1467 ab
334 1425 481 1468 iisdem
515 1426 733 1468 Nectarius
761 1427 917 1468 dicitur
939 1427 1053 1468 illico
1075 1427 1164 1469 sine
1187 1426 1500 1469 communionis
1521 1440 1620 1468 con-

260 1498 387 1539 sortio
410 1498 656 1543 destitutus,
687 1513 706 1539 a
730 1497 884 1554 quibus
909 1497 1045 1540 fuerat
1069 1498 1302 1540 ordinatus.

316 1567 388 1610 VI.
427 1568 519 1610 Non
546 1567 771 1609 mediocris
797 1567 923 1624 igitur
952 1568 1021 1610 hic
1049 1571 1286 1626 scrupulus,
1314 1569 1404 1612 Nec
1426 1570 1619 1626 quaedam

260 1654 336 1681 nos
355 1639 468 1696 angit
487 1640 539 1681 de
564 1638 795 1680 domestico
817 1638 956 1680 studio
980 1647 1021 1680 et
1039 1640 1269 1682 ambitione
1285 1640 1501 1683 contentio
1517 1672 1528 1689 ‚
1545 1640 1619 1683 sed

259 1710 504 1752 communio
539 1710 672 1751 soluta
705 1717 750 1750 et
786 1708 1008 1751 dissociata
1036 1711 1274 1766 perturbat.
1307 1710 1392 1753 Nec
1429 1709 1618 1752 videmus

260 1796 351 1821 ean]
375 1795 494 1836 posse
517 1780 636 1822 aliter
659 1779 886 1821 convenire
905 1795 916 1827 3
943 1779 1022 1820 nisi
1045 1789 1116 1822 aut
1140 1781 1171 1822 is
1190 1781 1391 1822 reddatur
1410 1780 1618 1821 Constan-

260 1852 459 1909 tinopoli,
477 1851 549 1908 qui
568 1851 682 1908 prior
698 1859 761 1892 est
782 1850 1002 1892 ordinatus
1025 1866 1033 1892 :
1062 1859 1134 1892 aut
1155 1860 1270 1893 certe
1293 1866 1418 1908 super
1436 1851 1617 1892 duorum

259 1922 524 1964 ordinatione
560 1922 612 1963 sit
652 1922 693 1963 in
726 1921 831 1962 urbe
861 1921 995 1964 Roma
1026 1929 1220 1963 nostrum
1251 1920 1617 1977 Orientaliumque

264 1992 515 2035 Concilium.

319 2063 405 2105 VH.
445 2063 589 2120 Neque
612 2063 726 2105 enim
754 2062 978 2120 indignum
1006 2063 1194 2110 videtur,
1230 2062 1440 2119 Augusto,
1468 2068 1515 2102 ut
1537 2060 1616 2103 Ro-

260 2150 394 2176 manae
431 2133 631 2176 Ecclesiae
668 2134 861 2175 antistitis
877 2166 887 2182 ,
929 2132 1294 2189 finitimorumque
1336 2141 1376 2174 et
1411 2133 1613 2175 Italorum

259 2207 557 2263 cpiscoporum
581 2207 763 2247 debeant
780 2204 921 2246 subire
944 2213 1169 2247 tractatum
1185 2237 1194 2252 ,
1213 2204 1284 2261 qui
1309 2204 1433 2245 unius
1449 2201 1615 2245 Acholii

259 2276 444 2333 episcopi
467 2278 520 2318 ita
544 2277 852 2333 expectandum
872 2290 961 2316 esse
984 2283 1238 2330 putaverunt
1255 2273 1460 2329 judicium
1475 2305 1485 2321 ,
1500 2279 1546 2313 ut
1563 2272 1614 2312 de

258 2348 603 2390 occidentalibus
621 2348 808 2405 partibus
828 2345 1236 2402 Constantinopolim
1256 2345 1517 2386 evocandum
1534 2357 1613 2399 pu-

259 2429 409 2462 tarent.
442 2420 484 2462 Si
508 2420 608 2476 quid
640 2420 712 2461 uni
740 2418 840 2460 huic
878 2425 1138 2460 reservatum
1164 2428 1252 2465 est,
1288 2424 1444 2472 quanto
1481 2413 1612 2470 magis

254 2492 449 2549 pluribus
473 2492 772 2534 reservandum
790 2490 883 2532 est?

318 2561 422 2605 VIII.
451 2562 545 2605 “Nos
568 2570 708 2604 autem
730 2577 751 2602 a
775 2560 1016 2603 beatissimo
1039 2559 1230 2617 principe
1257 2559 1384 2601 fratre
1408 2566 1488 2600 tuae
1521 2555 1611 2613 pie-
