1774 3158
530 305 812 337 nmsromnun
845 305 1001 335 cmssm
1034 307 1062 334 1.
1398 294 1418 333 3
1428 308 1478 349 27

137 387 260 430 batur
280 402 289 429 :
314 387 388 430 sed
406 385 578 428 basilica
598 400 726 434 nova,
753 384 836 426 hoc
859 392 922 426 est
937 416 949 433 ‚
974 383 1261 426 intramurana
1281 398 1372 441 quae
1390 398 1480 426 ma-

140 457 202 498 'or
223 465 298 499 est.

136 473 149 514 J
195 526 246 567 ΙΙ.
284 527 580 583 ngiffirunt
610 539 678 566 me
711 523 848 581 primo
877 521 1087 580 principes
1128 522 1332 565 virtutum
1375 523 1476 574 viri,

56 587 89 614 Ὗ
138 596 312 638 comites
338 595 653 644 consistoriani,
676 602 722 636 ut
747 602 788 636 et
816 593 1030 636 basilicam
1055 594 1267 635 traderem
1283 627 1294 643 ‚
1316 602 1358 636 et
1380 609 1481 651 pro-

137 680 354 713 curarem,
379 680 431 706 ne
454 664 556 721 quid
579 664 758 721 populus
782 663 1002 704 turbarum
1033 671 1232 704 moveret.
1269 663 1481 719 Respondi

137 736 250 791 quod
280 742 368 776 erat
406 733 585 794 ordin-is,
623 734 827 790 templum
855 733 932 775 Dei
961 747 982 774 a
1010 734 1230 774 sacerdote
1264 732 1372 774 tradi
1396 747 1481 774 non

134 819 267 860 posse.
452 807 496 842 ἰ
509 802 551 830 ‘³'

192 874 262 914 Ill.
299 873 591 915 Acclamatum
617 881 680 914 est
712 872 903 929 sequenti
933 872 1000 915 die
1026 871 1068 914 in
1102 871 1320 914 Ecclesia:
1350 872 1477 914 etiam

132 943 351 999 praefectus
370 958 419 984 eo
437 944 573 991 venit3
595 943 723 1000 coepit
747 944 923 985 suadere
945 944 1010 984 vel
1026 950 1072 983 ut
1092 941 1264 983 basilica
1285 941 1479 984 Portiana

134 1015 392 1056 cederemus.
418 1014 601 1070 Populus
623 1014 880 1055 reclamavit.
916 1013 978 1055 Ita
1010 1022 1112 1056 tunc
1136 1013 1370 1054 discessum
1391 1021 1476 1061 est,

83 1106 90 1122 ·,
133 1092 178 1125 ut
203 1084 493 1125 intirnaturum
517 1099 560 1125 se
579 1083 820 1140 imperatori
838 1083 1007 1125 diceret.

193 1153 259 1195 IV.
298 1154 498 1210 Sequenti
521 1153 586 1195 die
601 1187 610 1201 ,
631 1162 719 1194 erat
738 1161 876 1195 autem
895 1152 1113 1195 Dominica
1128 1184 1139 1201 ,
1160 1160 1254 1209 post
1275 1151 1477 1194 lectiones

132 1232 255 1279 atque
278 1232 529 1280 tractatum,
554 1224 732 1265 dimissis
763 1223 1100 1270 catechumenis,
1131 1224 1369 1285 symb-olum
1403 1223 1480 1263 ali-
1519 1221 1601 1255 ‘2³³‘

130 1295 282 1350 quibus
304 1294 643 1351 competentibus
671 1294 711 1334 in
743 1294 996 1350 baptisteriis
1026 1294 1244 1335 tradebam
1277 1292 1473 1336 basilicae.

130 1364 221 1405 Illic
246 1354 484 1405 nuntiatum
504 1372 566 1404 est
589 1363 691 1404 mihi
717 1371 934 1419 comperto
952 1363 1065 1418 quod
1080 1363 1132 1403 ad
1153 1361 1391 1403 Portianam
1411 1363 1478 1404 ba-

130 1433 288 1474 silicam
309 1435 359 1475 de
382 1433 534 1490 palatio
554 1434 733 1475 decanos
752 1433 974 1481 misissent,
996 1441 1036 1474 et
1051 1434 1140 1473 vela
1157 1433 1477 1488 suspenderent,
1503 1432 1521 1463 :1
1551 1440 1581 1461 Ἀ

129 1503 272 1559 populi
295 1511 455 1560 partem
481 1518 530 1545 eo
563 1518 748 1559 pergere.
782 1503 867 1559 Ego
893 1511 1032 1544 tamen
1054 1503 1185 1544 mansi
1209 1502 1249 1544 in
1273 1517 1474 1551 munere,

128 1572 295 1627 missam
317 1573 455 1614 facere
474 1573 581 1631 coepi
605 1574 641 1628 (1
657 1575 734 1630 ¹7)-

188 1641 233 1683 Υ.
270 1642 379 1683 Dum
407 1642 559 1689 offero,
596 1652 764 1699 raptum
797 1643 970 1700 cognovi
1009 1657 1028 1683 a
1067 1642 1222 1698 populo
1260 1641 1477 1682 Castulum

128 1714 377 1767 quemdam,
415 1728 541 1768 quem
572 1714 866 1770 presbyterum
905 1714 1093 1755 dicerent
1129 1713 1306 1755 Arriani.
1352 1713 1475 1754 Hunc

127 1791 268 1824 autem
306 1784 347 1824 in
385 1785 520 1840 platea
564 1783 827 1842 offenderant
876 1793 1152 1826 transeuntes.
1204 1783 1474 1826 Amarissime
1534 1823 1557 1827 ,,
1591 1807 1626 1829 ἰ·

125 1852 246 1901 ssere,
272 1861 311 1893 et
339 1868 458 1895 orare
489 1853 530 1894 in
555 1854 640 1910 ipsa
663 1842 875 1896 oblatione
899 1854 1034 1896 Deum
1056 1853 1188 1910 coepi,
1210 1862 1254 1895 ut
1277 1854 1474 1895 subveni-

125 1932 206 1970 ret,
241 1938 292 1965 ne
314 1924 435 1980 cujus
456 1924 622 1981 sanguis
653 1925 694 1965 in
728 1940 851 1966 causa
884 1924 1082 1966 Ecclesiae
1113 1923 1260 1965 fieret:
1291 1934 1405 1979 certe
1428 1935 1474 1966 nt

124 2009 241 2036 meus
263 1995 429 2051 sanguis
448 2010 522 2051 pro
544 1995 674 2036 salute
693 2010 777 2036 non
800 1995 934 2036 solum
960 1994 1132 2052 populi,
1160 1995 1231 2035 sed
1251 1995 1375 2036 etiam
1400 2013 1474 2053 pro

124 2063 222 2120 ipsis
246 2063 381 2121 impiis
403 2064 703 2106 effunderetur.
733 2065 847 2115 Quid
872 2064 1036 2106 multa?
1061 2063 1192 2105 Missis
1219 2065 1472 2122 presbyteris

104 2140 165 2173 ‘et
185 2133 454 2181 diaconibus,
480 2134 614 2190 eripui
641 2134 805 2190 injuriae
828 2134 978 2176 virum.

181 2202 250 2244 VI.
299 2204 682 2263 Conde-Qnatinnes
711 2205 822 2246 illico
860 2204 1110 2262 gravissimae
1150 2205 1468 2247 decernuntur:

121 2272 258 2330 primo
273 2273 314 2314 in
331 2288 483 2330 corpus
497 2289 622 2316 omne
642 2284 939 2317 mercatorum.
968 2275 1113 2331 Itaque
1135 2275 1288 2316 sanctis
1325 2275 1472 2317 diebus

122 2334 408 2384 hebdomadis
432 2343 613 2392 ustimae,
651 2345 804 2400 quibus
843 2345 1035 2387 solebant
1069 2345 1308 2387 debitorum
1342 2347 1470 2387 laxari

121 2411 307 2460 vincula,
331 2413 513 2455 stridunt
537 2421 717 2461 catenae‚
740 2414 1016 2471 imponuntur
1034 2416 1143 2457 collo
1161 2415 1466 2464 innocentium,

121 2482 345 2540 exiguntur
372 2484 553 2525 ducenta
576 2485 716 2543 pop—do
736 2485 825 2526 auri
851 2485 957 2542 infra
979 2495 1112 2528 totum
1139 2487 1339 2529 triduum.
1366 2488 1469 2529 Res—
1505 2481 1598 2514 *¹¹³³
1627 2499 1630 2502 ⁴
1662 2495 1666 2498 ’

121 2554 309 2611 pendent
335 2554 448 2597 aliud
470 2569 514 2596 se
545 2562 707 2597 tantum
733 2565 803 2598 ant
821 2558 1024 2614 duplum.
1046 2558 1077 2599 si
1105 2567 1366 2615 peterentur.
1394 2560 1469 2600 da-
