1774 3158
382 257 433 283 DE
466 256 558 282 Fun-2
591 255 955 300 ιιΓιευιυιΕοΤιοΝιεζ
986 258 1062 285 ΜΒ.
1103 259 1146 285 11.
1378 247 1426 287 81

102 334 318 376 dicitenim
336 349 344 375 ε
363 334 566 389 «Exurge,
579 333 746 390 Aquilo,
760 342 801 376 et
813 334 920 382 veni,
934 335 1107 382 Auster;
1127 335 1255 392 perssa
1267 337 1436 379 hortum

100 425 114 443 a
130 419 284 453 meum,
305 413 346 446 et
363 404 548 445 defluant
565 413 774 460 unguenta
794 419 897 445 mea.
923 404 1157 446 Descendat
1176 406 1303 449 frater
1320 422 1438 449 meus

101 474 168 515 »iu
200 474 370 515 hortum
403 489 522 514 suum
546 505 556 520 ,
599 482 639 515 et
675 474 771 515 edat
801 474 985 515 fructum
1018 475 1316 530 pomiferarum
1350 493 1441 518 sua-

99 532 264 586 »ru'm¹.
286 563 299 583 n
320 544 464 586 Sciens
497 544 608 585 cuim
639 544 724 600 jam
759 552 860 585 tunc
894 544 1018 586 etiam
1059 545 1209 587 horum
1242 548 1316 589 tibi
1354 548 1441 590 sorc

100 629 222 672 opera
253 614 466 657 fructuosa
483 644 493 661 ‚
520 614 686 656 Christo
708 623 781 656 tuo
801 615 985 656 fructum
1011 616 1061 657 de
1089 617 1240 658 talibus
1266 619 1441 674 pollicc-

100 685 222 726 bare:
243 693 283 727 et
296 700 387 741 quae
404 684 540 741 primo
555 693 595 726 te
610 685 651 726 in
665 685 907 726 cubiculum
923 686 1060 727 dixisti
1074 687 1194 743 Regis
1208 687 1439 736 inductam,

100 754 271 810 diligens
294 755 422 796 ubera
443 769 567 811 super
590 755 758 803 vinum,
779 769 876 796 cum
897 755 1140 812 diligentem
1165 772 1338 806 amares,
1364 760 1446 800 lac-

98 833 254 867 tantem
271 840 477 881 quaereres
492 858 502 874 ‚
525 826 711 882 pericula
733 840 809 882 pro
827 826 1030 883 religione
1046 836 1351 871 contemneres.

157 896 289 938 CXX.
318 896 479 938 Deinde
504 912 524 938 a
546 896 706 937 Libano
725 929 733 945 ,
759 911 908 953 sponsa
924 930 933 945 ,
959 899 1115 954 rogaris
1137 907 1184 940 ut
1202 901 1340 941 venias
1355 933 1364 948 ,
1384 900 1445 956 ju-

99 965 208 1008 dicio
229 966 396 1008 Domini
417 966 554 1008 adhuc
571 974 656 1008 tota
680 966 860 1008 formosa
876 999 886 1013 ‚
914 967 1050 1008 adhuc
1069 976 1153 1010 tota
1178 969 1444 1026 irreprehen·

99 1036 240 1079 sibilis.
270 1037 340 1079 Sic
366 1038 477 1080 enim
496 1038 697 1094 scriptum
719 1045 782 1079 est
803 1051 812 1078 z
832 1037 962 1079 «Tota
982 1053 1024 1079 es
1041 1038 1237 1087 formosa,
1256 1041 1445 1096 proxima

99 1123 239 1156 nmen,
257 1118 298 1151 et
320 1109 588 1166 reprehensio
618 1123 701 1150 non
727 1117 789 1150 est
820 1108 860 1149 in
884 1116 935 1150 te.
967 1108 1076 1151 Ades
1100 1109 1185 1151 huc
1210 1125 1230 1151 a
1250 1111 1410 1152 Libano
1435 1145 1444 1159 ‚

98 1197 112 1218 »
127 1193 297 1236 sponsa,
319 1182 414 1222 ades
441 1179 525 1221 huc
548 1194 569 1221 a
590 1178 797 1221 Libano².
815 1197 830 1217 n

158 1248 308 1291 CXXI.
350 1250 495 1291 Postea
520 1249 605 1305 ipsa
619 1250 704 1303 jam
726 1249 861 1290 nullos
883 1263 998 1304 aquae
1016 1250 1170 1305 lapsus,
1195 1248 1278 1305 jam
1304 1251 1440 1292 nullos

96 1318 274 1374 impetus
298 1318 598 1360 descendentes
613 1333 634 1359 a
657 1317 819 1360 Libano
838 1318 1138 1374 pertimescens
1157 1352 1166 1367 ‚
1185 1320 1438 1375 Aquilonem

98 1397 139 1430 et
159 1388 358 1430 Austrum
381 1391 556 1430 advocas
570 1421 580 1436 ,
600 1389 768 1445 perflari
791 1390 961 1446 cupiens
976 1390 1147 1431 hortum
1166 1399 1309 1439 tuum;
1333 1401 1378 1434 ut
1400 1393 1441 1433 in

44 1469 47 1471 ·
100 1458 186 1501 aliis
208 1467 419 1514 unguenta
447 1467 517 1500 tua
544 1458 752 1506 defluant,
788 1459 829 1500 in
854 1460 940 1500 aliis
963 1460 1213 1516 multiplices
1233 1461 1440 1504 foecundi-

101 1529 197 1571 tatis
219 1534 300 1570 tuae
318 1529 479 1571 fructus
496 1529 647 1570 offeras
670 1529 849 1571 Christo.
1226 1570 1231 1573 a

163 1600 335 1642 CXXII.
371 1618 386 1636 (ι
403 1600 454 1641 Et
481 1599 734 1642 ideobeatus
759 1601 829 1656 qui
861 1601 1044 1642 custodit
1067 1602 1190 1643 verba
1213 1603 1442 1659 prophetia}

100 1669 322 1726 »hujus³‚o
347 1685 437 1726 quae
459 1670 579 1711 nobis
600 1671 951 1712 resurrectionem
969 1671 1297 1713 evidentioribus
1324 1673 1416 1715 testi
1431 1698 1442 1703 -

99 1739 248 1782 moniis
272 1740 470 1782 revelavit
492 1740 634 1781 dicens
660 1740 763 1782 :«Et
785 1741 868 1782 vidi
887 1748 1077 1782 mortuos
1099 1755 1273 1798 magnos
1296 1752 1336 1783 et
1358 1758 1439 1800 pu-

101 1828 116 1848 »
130 1809 240 1851 sillos
264 1817 417 1851 stantes
440 1818 534 1850 ante
560 1811 719 1857 sedem,
743 1817 783 1850 et
807 1810 936 1852 libros
964 1821 1219 1867 aperuerunt
1249 1829 1257 1852 :
1282 1822 1323 1853 et
1341 1813 1443 1854 alius

101 1881 235 1922 »liber
256 1888 421 1937 apertus
443 1888 505 1921 est
521 1914 530 1929 ,
556 1881 623 1936 qui
658 1889 720 1922 est
742 1880 835 1922 vitae
863 1896 871 1921 :
903 1889 943 1922 et
964 1880 1140 1936 judicati
1169 1891 1264 1923 sunt
1287 1883 1442 1923 mortui

101 1970 115 1990 »
131 1952 181 1992 de
201 1951 363 2008 scriptis
386 1952 426 1992 in
451 1951 592 1997 libris,
617 1953 852 1993 secundum
873 1951 980 1993 facta
1004 1966 1088 1993 sua.
1117 1951 1169 1993 Et
1191 1953 1304 1993 dedit
1327 1967 1443 1993 marc

101 2029 315 2062 »mortuos
331 2053 341 2069 ,
365 2020 435 2076 qui
458 2020 499 2061 in
522 2020 611 2077 ipso
634 2028 751 2061 erant
779 2035 788 2061 t
810 2029 851 2061 et
871 2019 990 2061 inferi
1007 2021 1212 2062 dederunt
1236 2029 1441 2068 mortuos,

102 2091 200 2145 »qui
226 2105 353 2147 penes
388 2104 431 2131 se
463 2089 653 2130 era11t⁶.»
675 2090 734 2131 Ne
759 2103 858 2146 ergo
891 2089 1056 2131 dubites
1085 2091 1442 2145 quemadmodum

101 2167 343 2216 resurgant,
357 2173 461 2215 quos
482 2159 600 2200 inferi
618 2167 859 2208 revomunt,
880 2174 995 2201 mare
1011 2160 1207 2202 reddidit.

158 2229 349 2271 CXXIII.
384 2229 541 2284 Accipe
571 2229 696 2270 etiam
721 2230 890 2285 quando
916 2230 1186 2285 promittatur
1216 2233 1345 2287 gratia
1375 2232 1439 2274 fu·

102 2306 193 2339 tura
224 2297 431 2353 justorum
457 2298 563 2339 :«Et
590 2298 751 2347 audivi,
785 2298 919 2354 inquit
938 2330 950 2345 ‚
986 2313 1130 2340 vocem
1166 2315 1360 2356 magnam
1391 2302 1442 2342 de

102 2368 284 2408 »throno
319 2368 529 2408 dicentem
556 2382 564 2407 ε
586 2368 696 2409 Ecce
721 2368 1063 2415 tabernaculum,
1087 2369 1162 2410 Dei
1184 2384 1281 2411 cum
1308 2371 1446 2412 homi«

102 2436 253 2477 »nibus
269 2468 279 2484 ,
300 2444 341 2477 et
362 2436 566 2478 habitabit
585 2451 680 2478 cum
704 2437 805 2483 illis3
833 2446 874 2478 et
892 2437 967 2493 ipsi
990 2439 1168 2494 populus
1190 2440 1281 2495 ejus
1304 2449 1443 2488 erunt,

104 2515 175 2548 »et
197 2506 284 2562 ipse
304 2506 415 2548 Deus
438 2521 534 2548 cum
556 2507 634 2548 illis
658 2507 738 2548 erit
761 2507 927 2548 illorum
950 2508 1075 2549 Deus.
1105 2509 1156 2549 Et
1174 2509 1330 2550 delebit
1353 2524 1446 2550 om-

155 2595 160 2608 ¹
179 2586 274 2617 Cant.
292 2586 389 2624 n·‚16‚
406 2591 435 2618 et
456 2597 518 2621 v,·.
536 2604 576 2610 -
595 2595 602 2609 ¹
622 2585 674 2618 ld.
690 2597 730 2623 ιν,
747 2598 778 2627 7,
793 2598 809 2618 a
829 2605 868 2611 —
887 2588 900 2612 ³
917 2586 1020 2629 Apoc.
1036 2597 1126 2624 xxm,
1144 2590 1240 2628 7.—4
1256 2588 1301 2619 Id.
1320 2599 1373 2625 xz,
1397 2598 1448 2620 12.

250 2655 309 2681 Lx.
1309 2642 1335 2680 (ἱ
