1774 3158
534 237 813 265 EPISTOLARUM
847 236 1001 263 οιΛ55ι5
1035 238 1060 263 1.
1399 222 1480 264 265

141 326 279 359 tamen
300 331 517 373 superesse
540 324 734 372 possunt,
754 314 924 356 nefandi
948 314 1116 355 sceleris
1135 315 1337 370 arguitur.
1362 314 1488 356 Certe

140 388 312 428 domum
337 393 497 442 repetat
518 400 635 426 suam
651 419 661 433 ‚
687 400 770 426 non
795 384 1055 426 contaminet
1078 384 1385 425 florentissimae
1404 384 1484 425 Ita-

138 457 202 498 liae
219 456 422 504 civitates,
445 456 515 512 qui
531 471 642 497 nunc
656 455 808 497 illicitis
824 454 1159 496 ordinationibus
1176 454 1414 495 consimiles
1427 454 1490 495 sui

142 525 274 566 sociat
298 525 401 573 sibi,
433 533 475 566 et
495 525 765 566 seminarium
800 524 948 580 quaerit
980 539 1064 564 suze
1101 523 1324 579 impietatis
1357 531 1481 578 atque

138 593 323 650 perfidiae
347 608 422 650 per
442 609 632 650 quosque
666 593 851 650 perditos
874 593 1186 648 derelinquere3
1214 592 1285 647 qui
1318 592 1483 648 episco-

138 678 215 719 pus
241 678 329 704 esse
352 677 432 704 nec
468 663 608 719 coepit.
644 663 747 705 Nam
772 662 909 720 primo
938 662 1160 704 Patavione
1198 662 1483 717 superpositus

138 733 274 774 suerat
290 741 433 774 sancto
457 732 543 773 viro
558 733 696 774 Marco
710 764 720 780 ‚
745 731 1001 773 admirabilis
1019 731 1231 772 memoriae
1249 729 1480 772 sacerdoti:

139 803 210 845 sed
233 813 503 860 posteaquam
532 803 774 844 deformiter
797 802 986 858 dejectus
1007 817 1027 843 a
1050 802 1172 858 plebe
1196 808 1279 849 est,
1314 800 1384 856 qui
1405 800 1483 841 Pa-

139 873 303 914 tavione
326 888 415 914 esse
435 887 521 915 non
540 873 702 929 potuit,
733 873 765 913 is
788 887 901 914 nunc
934 872 1157 913 Mediolani
1184 879 1278 928 post
1300 870 1484 912 eversio-
1533 918 1537 922 ι

138 958 234 985 nem
258 943 400 999 patriae
417 975 426 990 ,
453 942 643 984 dicamus
662 942 945 999 proditionem
962 975 972 990 ‚
997 941 1258 997 inequitavit.

194 1014 268 1056 XI.
309 1013 444 1070 Super
462 1013 657 1055 omnibus
677 1028 774 1070 ergo
798 1014 927 1070 pietas
952 1022 1086 1054 vestra
1119 1012 1239 1054 nobis
1264 1013 1483 1054 consulere

139 1084 355 1140 dignetur;
380 1099 432 1124 ne
459 1098 533 1125 nos
561 1084 901 1140 obtemperantes
925 1092 1068 1125 vestrae
1093 1082 1389 1139 tranquilitatis
1404 1090 1483 1124 sta-

139 1155 239 1196 tutis
257 1187 265 1202 ,
294 1154 446 1196 frustra
470 1155 714 1196 convenisse
740 1154 972 1195 videamur.
1005 1153 1096 1196 Non
1118 1155 1252 1195 solum
1277 1154 1388 1195 enim
1412 1168 1483 1195 ca·

138 1226 322 1266 rendum
344 1234 431 1271 est,
456 1240 508 1266 ne
530 1233 687 1272 nostra,
712 1226 783 1266 sed
804 1224 930 1266 etiam
944 1233 1078 1282 vestra
1098 1226 1266 1266 decreta
1286 1224 1486 1265 infamen-

139 1303 219 1336 tur.
246 1294 430 1336 Petimus
448 1294 574 1350 igitur
591 1304 636 1335 ut
653 1296 809 1350 legatos
835 1294 1035 1343 Concilii‚
1056 1302 1220 1336 sanctos
1235 1293 1347 1335 viros
1369 1308 1485 1349 :eque

140 1366 361 1407 clementia
385 1374 518 1407 vestra
544 1365 688 1407 audire
712 1366 932 1422 dignetur,
958 1375 1000 1407 et
1022 1381 1119 1406 cum
1141 1365 1294 1407 ess'ectu
1336 1379 1485 1405 eorum

139 1451 229 1492 quae
254 1436 486 1491 poscimus,
513 1435 717 1477 maturius
735 1435 873 1477 redire
895 1436 1132 1493 praecipiat;
1158 1443 1204 1476 ut
1243 1434 1485 1476 mercedem

140 1506 351 1563 recipiatis
369 1522 388 1547 a
402 1507 583 1548 Domino
600 1507 687 1548 Deo
711 1507 877 1548 Christo
892 1539 902 1555 ,
923 1506 1045 1562 cujus
1066 1505 1277 1548 Ecclesias
1301 1505 1351 1546 ab
1371 1503 1485 1545 omni

140 1577 437 1634 sacrilegorum
460 1577 553 1619 labe
581 1578 800 1634 purgastis-

197 1647 292 1689 XII.
330 1648 602 1690 photinianos
624 1663 790 1704 quoque
807 1681 817 1696 ,
847 1663 952 1704 quos
975 1656 1016 1689 et
1047 1647 1251 1704 superiori
1278 1648 1369 1702 lege
1391 1661 1489 1688 cen·

139 1717 276 1758 suistis
302 1719 442 1759 nullos
474 1718 611 1759 facere
640 1719 794 1759 debere
822 1727 1079 1767 conventus,
1113 1727 1155 1759 et
1177 1733 1270 1759 eam
1306 1731 1399 1773 quae
1436 1718 1488 1758 de

141 1788 407 1828 sacerdotum
432 1787 620 1829 Concilio
643 1790 736 1829 data
767 1797 830 1830 est
861 1789 1177 1844 congregando,
1220 1786 1485 1833 removisti53

140 1857 341 1913 petimus,
361 1866 404 1899 ut
427 1859 624 1915 quoniam
654 1859 694 1899 in
717 1859 947 1915 Syrmiensi
967 1860 1121 1915 oppido
1144 1858 1283 1900 adhuc
1310 1871 1490 1898 conven-

141 1937 207 1968 tus
229 1936 392 1969 tentare
404 1929 693 1984 cognovimus,
710 1929 932 1970 clementia
954 1938 1104 1977 vestra,
1122 1927 1346 1970 interdicta
1363 1926 1490 1968 etiam

141 2011 254 2038 nunc
273 1997 476 2045 coitione,
502 1998 777 2039 reverentiam
803 1999 985 2055 primum
1013 1998 1211 2040 Ecclesiae
1235 1996 1454 2038 catholicae
1479 2029 1490 2049 ,

143 2065 294 2108 deinde
317 2067 443 2108 etiam
464 2067 627 2124 legibus
645 2068 788 2109 vestris
812 2068 963 2110 deferri
1000 2068 1203 2124 jubeatis;
1234 2075 1280 2108 ut
1315 2075 1356 2108 et
1389 2081 1460 2107 vos
1476 2098 1486 2113 ‚

96 2157 105 2177 L
141 2135 229 2177 Deo
251 2138 450 2193 praesule,
479 2138 774 2195 triumphetis,
799 2139 869 2195 qui
904 2139 998 2196 paci
1030 2138 1317 2181 Ecclesiarum
1337 2135 1490 2193 quieti-

142 2222 224 2263 que
247 2208 478 2250 consulitis.
