1774 3158
612 225 947 270 lismoi-{inopine
1374 223 1459 279 489

109 330 194 363 met
212 330 382 364 sanctus
406 320 591 362 Antistes
614 320 790 376 epistola
814 334 877 360 in
897 323 938 359 et
960 332 1066 365 an,
1095 317 1248 374 quibus
1271 317 1460 359 clemen-

108 391 206 432 tiam
231 390 497 448 imperatoris
527 390 566 430 in
593 390 894 430 nonnullorum
926 388 1100 443 gratiam
1121 397 1212 429 orat
1235 395 1357 439 atque
1379 388 1458 428 ob-

106 468 243 500 secrat
267 474 276 500 :
304 458 419 500 testis
443 458 568 500 etiam
608 458 805 501 Paulinus
832 457 872 499 in
904 459 994 514 ejus
1016 457 1108 499 Vita
1125 489 1134 504 ,
1160 457 1232 497 ubi
1256 456 1458 513 plurimos

106 529 317 570 Ambrosii
333 529 532 585 precibus
552 529 603 570 ab
624 529 874 585 imperatore
893 528 1009 569 venia
1030 529 1205 568 donatos
1221 526 1357 568 tradit.
1376 525 1460 568 Sed

105 599 186 640 hoc
204 599 259 656 pii
284 598 469 656 praesulis
493 599 698 640 modestia
722 599 886 639 silentio
904 598 1035 638 voluit
1059 597 1404 654 praetermissum.

459 750 702 779 ANNOTATIO
739 737 828 793 (53)
865 752 957 793 pag.
1004 749 1096 791 119.

162 857 423 900 Theodosius
438 857 666 898 Arcadium
678 872 746 899 xiv
761 858 852 899 Kal.
873 858 996 900 Febr.
1020 856 1116 898 anni
1134 857 1216 913 595
1233 864 1457 912 augustum

104 927 288 975 creavit,
312 936 359 968 ut
383 936 577 969 auctores
601 937 700 970 sunt
735 928 930 970 Socrates
947 960 957 975 ,
990 926 1253 968 Sozomenus
1289 933 1329 966 et
1356 924 1458 966 Mar-

103 998 281 1038 cellinus
307 1012 316 1037 ε
347 997 582 1038 Honorium
613 1013 714 1039 vero
740 1006 831 1055 post
856 998 1125 1056 profligatum
1154 995 1392 1054 Eugenium
1422 1010 1458 1036 ιν

103 1068 200 1108 Idus
221 1066 395 1108 Januar.
423 1067 614 1124 ejusdem
639 1069 737 1110 anui
761 1069 1048 1110 declaraverat
1070 1068 1385 1124 imperatorem,
1412 1071 1459 1105 ut

103 1152 153 1178 ex
174 1137 332 1186 Idatio,
359 1137 567 1194 Prospero
589 1147 631 1180 et
652 1139 741 1180 aliis
763 1138 1050 1196 intelligimus.

526 1273 774 1302 ANNOTATlo
811 1258 902 1316 (54)
941 1257 1040 1300 ibid.

158 1362 318 1406 Omnes
333 1362 433 1405 edit.
463 1378 510 1406 ac
531 1364 672 1421 plures
689 1362 957 1405 mss.habent
977 1376 1112 1417 quam
1130 1360 1246 1417 quod
1264 1360 1462 1402 immane

101 1435 306 1488 quantis:
323 1434 419 1476 Gill.
436 1434 476 1476 in
496 1449 579 1476 var.
601 1433 968 1489 lect.quamquod
986 1431 1460 1487 immaniquantitate:

99 1504 204 1561 Reg.
236 1506 328 1546 cod.
352 1520 480 1556 uuus,
504 1518 640 1560 quam
662 1505 778 1562 quod
799 1505 849 1544 in
870 1504 1005 1546 annis
1029 1519 1043 1545 .·
1067 1502 1138 1559 qui
1160 1517 1258 1544 cum
1285 1516 1370 1542 uno
1388 1508 1460 1543 aut

101 1574 180 1616 alio
205 1575 298 1616 cod.
316 1589 393 1632 pro
415 1574 523 1616 cium
539 1585 758 1622 moratur,
774 1574 873 1631 legit
891 1574 999 1614 dam
1012 1573 1222 1622 moritur,
1243 1586 1328 1613 nou
1347 1571 1458 1612 malo

102 1660 241 1687 sensu.
268 1645 314 1686 ln
339 1645 479 1703 priore
503 1654 644 1688 autem
671 1653 790 1703 parte
813 1659 865 1686 ex
892 1658 980 1685 uno
1015 1645 1108 1685 cod.
1141 1642 1234 1686 Vat.
1275 1640 1460 1683 restitui-

98 1731 193 1758 mus
209 1749 220 1766 ,
254 1731 389 1771 quam
416 1717 529 1772 quod
552 1717 600 1757 in
626 1716 891 1772 aliquantis,
916 1715 1118 1756 nimirum
1141 1713 1183 1755 in
1207 1713 1421 1754 frumento
1443 1744 1454 1760 ,

99 1786 199 1828 vino
215 1818 225 1834 ‚
253 1787 345 1828 oleo
362 1819 373 1835 ,
398 1788 464 1828 vel
488 1787 720 1835 similibus;
744 1801 907 1828 annona
930 1785 1042 1827 enim
1067 1785 1107 1826 in
1130 1782 1352 1841 speciebus
1375 1782 1460 1824 exi-

99 1857 292 1914 gebatur,
316 1866 362 1898 ut
383 1865 548 1899 constat
569 1872 592 1899 e
606 1857 796 1914 plurimis
819 1856 981 1914 legibus
995 1856 1088 1898 cod.
1108 1855 1170 1897 tit.
1194 1854 1458 1896 deAmzona

99 1937 137 1968 et
154 1926 275 1969 Trib.
291 1927 442 1969 Fusius
457 1943 624 1984 quoque
636 1927 686 1969 de
700 1927 879 1970 Annona
893 1927 1077 1984 disputat
1096 1926 1359 1982 Bulengerus
1379 1923 1451 1965 lib.

99 2013 137 2041 v1
151 1998 328 2056 delmp.
352 1999 539 2052 Romssvc.
578 2015 590 2040 1
620 2008 662 2041 et
684 2015 769 2056 seq.
791 1999 999 2040 Caeterum
1019 1998 1132 2055 quod
1149 2011 1241 2053 quae
1258 1996 1340 2038 hoe
1363 1996 1458 2037 loco

100 2069 324 2118 dicuntur,
359 2071 410 2112 ad
437 2070 616 2127 vectigal
649 2069 1049 2113 Tatianireserenda
1073 2068 1264 2110 nonnulli
1282 2074 1455 2124 putant,

99 2139 142 2182 id
164 2139 335 2196 quidem
357 2140 525 2181 videtur
547 2140 644 2182 satis
664 2141 895 2182 obscurum
914 2158 923 2181 ;
943 2139 1049 2181 illud
1066 2153 1165 2180 vero
1190 2136 1452 2185 credibilius,

98 2211 331 2252 Honorium
361 2219 545 2267 paternae
577 2212 783 2254 voluntati
810 2210 1058 2253 satisfecisse
1078 2243 1088 2258 ,
1125 2224 1202 2251 nec
1232 2210 1282 2250 de
1310 2208 1387 2250 alia
1410 2222 1456 2248 re

98 2279 391 2337 intelligendos
415 2280 543 2323 hosce
568 2281 790 2323 Claudiani
813 2296 956 2322 versus
983 2280 1089 2322 in·1v
1118 2279 1250 2321 Cons.
1276 2277 1449 2321 Honor.

216 2366 368 2422 Impia
384 2368 587 2408 concinui
613 2378 780 2409 cessam
802 2376 1043 2426 augmenta
1069 2365 1231 2406 tributi
1250 2380 1265 2405 .·

215 2433 317 2478 Non
337 2436 534 2494 infelices
557 2438 736 2489 tabulae,
758 2454 848 2479 non
876 2440 999 2479 hasta
1022 2436 1189 2495 refixas

219 2505 382 2548 Vendit
402 2523 498 2564 opes
520 2509 668 2552 avidis
684 2544 695 2559 ,
718 2520 887 2565 emptor
909 2524 999 2550 non
1018 2523 1120 2550 voce
1141 2508 1332 2555 citatur,

218 2575 305 2621 Nec
328 2588 403 2621 lua
421 2580 614 2636 privatis
635 2592 833 2624 crescunt
862 2580 1026 2623 ‹erar-ia
1050 2577 1242 2621 damnis.
