1774 3158
539 343 822 373 EMSTOLARUM
855 344 1011 374 eLAssm
1048 346 1074 374 1.
1178 330 1181 333 ’
1409 335 1493 378 363

141 422 293 465 vidiam
316 423 469 471 timeo,
491 437 671 479 quorum
691 437 774 479 quo
797 422 955 479 majora
971 456 982 473 ‚
1008 438 1057 466 eo
1079 425 1233 468 tutiora
1258 414 1490 483 patrocinia

141 502 250 535 sunt.
279 495 436 535 [lorum
456 494 580 535 etiam
606 493 683 535 illis
711 494 828 551 ipsi5‚
855 495 924 550 qui
947 495 1048 536 mibi
1070 511 1140 537 eos
1162 497 1373 546 invident,
1393 508 1493 557 opto

140 564 344 621 praesidia.
369 564 545 606 Veniant
567 580 664 622 ergo
686 573 727 605 et
742 564 911 606 videant
936 566 1154 622 stipatores
1177 582 1318 617 meos;
1341 570 1490 612 talibus

140 647 207 674 me
233 634 356 675 armis
388 635 536 675 ambiri
563 650 645 675 non
670 649 778 691 nego
806 648 814 674 :
852 652 867 672 «
898 635 948 676 lli
981 635 1022 675 in
1063 636 1284 685 curribus,
1313 638 1416 680 ethi
1449 639 1489 680 in

140 705 284 760 »equis
312 719 319 745 :
351 720 424 746 nos
447 714 586 747 autem
612 705 653 746 in
673 704 842 746 nomine
861 704 1029 747 Domini
1051 706 1124 747 Dei
1145 707 1275 748 nostri
1302 709 1493 764 magnifi-

142 775 402 816 »cabi1nur¹.
433 794 448 814 ι)

197 845 272 888 XI.
309 846 490 887 Eliscutn
521 844 749 902 Scripturce
785 846 934 887 divinae
961 846 1088 888 series
1121 847 1272 896 refert,
1310 863 1406 890 cum
1443 851 1493 892 ab

140 916 325 957 exercitu
353 915 558 972 Syrorum
579 924 687 957 esset
705 916 898 957 obsessus
916 948 926 963 ‚
944 916 1094 957 dixisse
1116 916 1279 958 timenti
1301 920 1465 961 servulo
1482 953 1492 968 ,

141 985 381 1027 ne.timcrct
404 1001 444 1026 :«
464 985 571 1036 Quia
596 987 762 1042 plures,
792 985 951 1041 inquit,
980 1001 1054 1042 pro
1079 986 1199 1027 nobis
1223 996 1342 1034 sunt,
1368 1003 1494 1043 quam

140 1064 314 1097 »contra
340 1055 456 1104 nos23
481 1064 554 1096 »et
578 1064 624 1096 ut
645 1055 725 1097 hoc
755 1056 976 1112 probaret,
1006 1055 1156 1111 petisse
1175 1064 1220 1097 ut
1247 1058 1358 1099 oculi
1375 1058 1492 1100 Giezi

139 1126 402 1182 aperirentur
427 1142 436 1167 z
468 1126 622 1183 quibus
655 1127 723 1167 ille
748 1126 925 1182 apertis,
952 1125 1195 1167 innumeros
1219 1128 1362 1168 adesse
1392 1128 1495 1170 vidit

138 1195 346 1253 Propheta
377 1197 586 1243 exercitus
608 1197 877 1253 Angelorum.
913 1195 995 1238 Nos
1018 1196 1097 1237 etsi
1128 1211 1199 1238 eos
1235 1197 1376 1239 videre
1408 1213 1493 1240 non

139 1280 383 1321 possumus,
409 1267 613 1308 sentimus
634 1275 785 1308 tamen.
810 1266 940 1308 Erant
962 1267 1091 1308 clausi
1123 1266 1189 1308 isti
1215 1268 1350 1316 oculi,
1369 1283 1496 1323 quan-

141 1335 211 1375 diu
248 1336 397 1377 obruta
442 1344 688 1378 sanctorum
728 1351 906 1392 corpora
958 1336 1275 1379 delitescebant.
1317 1338 1495 1395 Aperuit

139 1406 285 1447 oculos
307 1413 471 1448 nostros
494 1406 724 1455 Dominus,
754 1406 935 1447 vidimus
965 1406 1139 1455 auxilia,
1170 1407 1321 1462 quibus
1350 1424 1494 1451 sumus

139 1490 247 1532 s-:epe
280 1477 450 1518 defensi.
482 1476 576 1519 Non
605 1476 852 1518 videbamus
886 1476 1001 1524 haec,
1031 1478 1105 1518 sed
1139 1477 1402 1521 habebamus
1439 1488 1496 1521 ta-

137 1563 248 1589 men.
274 1548 419 1604 Itaque
444 1547 753 1604 trepidantibus
790 1547 909 1588 nobis
940 1548 1056 1603 quasi
1082 1548 1230 1589 dixerit
1250 1549 1458 1591 Dominus
1483 1566 1491 1591 :

136 1617 322 1674 Aspicite
351 1627 529 1673 quantos
566 1618 682 1659 vobis
708 1626 914 1673 martyres
953 1618 1142 1659 dederim
1169 1633 1178 1658 :
1210 1619 1264 1660 ita
1299 1620 1492 1662 reseratis

137 1688 276 1729 oculis
299 1687 474 1744 gloriam
520 1687 686 1728 Domini
719 1688 1012 1743 speculamur,
1038 1702 1129 1743 quae
1161 1696 1224 1729 est
1257 1697 1494 1746 martyrum

139 1757 333 1814 passione
354 1757 587 1815 praeterita,
603 1766 644 1798 et
667 1757 911 1813 operatione
932 1772 1126 1813 praesens.
1149 1757 1368 1800 Evasimus
1385 1792 1394 1806 ,
1418 1759 1495 1801 sra-

138 1835 244 1876 tres,
270 1842 355 1869 non
377 1828 634 1869 mediocrem
658 1827 830 1883 pudoris
861 1826 1069 1868 sarcinam
1096 1843 1105 1867 :
1130 1834 1330 1884 patronos
1369 1827 1497 1870 habe-

140 1900 310 1946 bamus,
339 1907 380 1940 et
415 1899 718 1950 nesciebamus.
747 1897 990 1939 Invenimus
1029 1912 1162 1939 unum
1193 1899 1300 1947 hoc,
1325 1914 1408 1955 quo
1432 1900 1496 1941 vi-

120 2022 123 2023 ⁷
141 1970 316 2011 deamur
335 1978 534 2026 praestare
555 1957 799 2024 majoribus.
821 1967 1075 2009 Sanctorum
1101 1976 1335 2025 martyrum
1356 1970 1495 2027 cogni-

114 2047 119 2052 ‘
140 2039 298 2080 tionem
315 2072 324 2087 ‚
347 2054 473 2095 quam
496 2038 553 2080 illi
571 2039 824 2085 amiserunt,
845 2053 921 2079 nos
945 2038 1083 2096 adepti
1107 2053 1265 2081 sumus.

133 2165 136 2168 ἢ
195 2110 291 2151 XII.
327 2109 545 2151 Eruuntur
562 2109 722 2150 nobiles
751 2109 938 2165 reliquiae
956 2124 978 2151 e
995 2110 1188 2166 sepulcro
1207 2110 1408 2167 ignobili,
1429 2126 1491 2153 os-

140 2181 371 2222 tenduntur
394 2182 500 2222 coelo
521 2181 718 2237 trophaea.
742 2179 951 2237 Sanguine
973 2181 1158 2222 tumulus
1176 2182 1320 2223 madet
1347 2181 1490 2239 (155),

140 2259 342 2307 apparent
381 2250 542 2292 cruoris
583 2249 845 2306 triumphalis
884 2260 1014 2300 notae,
1058 2251 1267 2294 inviolatae
1309 2253 1494 2309 reliquiae

134 2322 230 2362 loco
262 2336 338 2362 suo
373 2329 416 2363 et
453 2321 600 2362 ordine
643 2329 846 2378 repertae,
885 2323 1076 2363 avulsum
1121 2322 1310 2364 humeris
1350 2332 1490 2380 caput.

137 2392 257 2434 Nunc
280 2406 399 2433 senes
436 2399 634 2448 repetunt
656 2392 820 2433 audisse
843 2407 886 2433 se
911 2392 1134 2448 aliquando
1158 2393 1312 2434 horum
1339 2402 1493 2450 marty-

137 2476 231 2502 rum
254 2461 449 2509 nomina,
478 2460 732 2517 titulumque
754 2462 916 2518 legisse.
944 2463 1192 2504 Perdiderat
1225 2463 1369 2505 civitas
1393 2479 1489 2506 suos

137 2539 367 2587 martyres,
402 2546 494 2587 quze
525 2531 666 2588 rapuit
701 2531 869 2574 alienos.
901 2532 987 2574 Etsi
1012 2532 1094 2574 hoc
1117 2532 1193 2574 Dei
1226 2547 1382 2574 munus
1407 2541 1491 2581 est3

139 2611 275 2644 tamen
295 2601 472 2658 gratiam
497 2617 624 2658 quam
650 2603 910 2659 temporibus
938 2603 1161 2646 sacerdotii
1181 2603 1265 2645 mei
1292 2603 1498 2647 Dominus

190 2704 194 2717 ¹
218 2694 300 2726 Psal.
317 2705 384 2732 xlx,
402 2694 434 2726 S.
457 2712 493 2718 —-
511 2702 523 2717 ⁸
542 2693 558 2731 4
576 2695 651 2736 Reg.
675 2704 718 2733 v1‚
744 2694 792 2726 16.
