1774 3158
365 256 416 287 DE
450 255 542 287 FlDE
575 254 942 293 RESURRECTtoNis,
980 260 1057 288 Lm.
1098 259 1140 288 11.
1374 261 1428 302 270

85 348 155 382 aut
176 337 414 380 neomenias
434 349 577 392 agere,
598 335 751 391 quibus
775 351 819 378 se
839 339 1046 394 corporali
1073 339 1224 395 gratia,
1249 348 1289 381 et
1311 355 1436 381 saecu-

85 409 160 452 lari
185 406 462 464 occupatione
479 414 698 447 vacuatum
713 438 722 453 ,
746 405 902 448 Christi
920 409 1071 463 repleri
1092 410 1188 450 luce
1211 410 1430 452 desideret.

85 477 298 522 Sacrificia
336 493 502 534 quoque
536 477 623 533 ipsa
656 476 743 518 Deo
784 478 958 534 probata
992 493 1081 519 esse
1120 494 1201 519 nou
1240 488 1435 536 possunt,

86 549 163 592 nisi
188 547 392 589 consessio
423 547 535 589 vocis
564 546 738 602 aspiret,
763 563 854 603 qua>
878 549 1128 589 sacerdotali
1151 550 1365 590 oblatione
1388 552 1439 591 ad

88 619 391 662 obsecrandam
416 618 490 659 Dei
509 617 682 673 gratiam
709 619 884 674 populos
906 618 1092 659 excitare
1116 619 1344 660 consuevit.

147 689 273 732 CXV.
310 689 455 745 Itaque
476 688 604 729 simus
623 689 917 745 praedicatores
933 688 1128 735 Domini,
1156 697 1196 730 et
1219 690 1437 731 laudemus

89 761 249 802 eumin
277 775 378 801 voce
415 758 549 801 tubae¹
568 792 579 808 ,
614 774 695 800 non
719 759 864 816 exigua
897 761 947 801 de
977 759 1129 800 virtute
1160 758 1250 815 ejus
1281 768 1321 800 et
1348 760 1442 801 vilia

89 831 334 876 sentientes,
360 831 431 871 sed
459 845 505 870 ea
539 844 629 885 quae
653 830 811 885 possint
833 845 974 870 aurem
1005 830 1156 871 mentis
1178 830 1373 886 implere,
1398 840 1440 871 et

91 901 247 942 intimae
267 899 533 941 conscientiae
552 908 773 955 penetrare
790 909 1016 948 secretum,
1038 910 1147 941 ntea
1164 915 1254 955 quse
1274 901 1442 956 corpori

90 970 368 1016 conveniunt,
395 969 609 1010 Divinitati
629 984 711 1010 non
730 979 925 1026 putemus
949 970 1128 1026 aptanda
1156 984 1164 1009 ε
1187 984 1265 1010 nec
1290 969 1440 1010 divina:

91 1039 424 1097 magnitudinem
458 1040 672 1096 potestatis
704 1040 897 1081 humanis
931 1040 1086 1081 viribus
1117 1040 1364 1087 metia111ur;
1401 1051 1444 1082 ut

100 1126 333 1167 quaeramus
367 1111 580 1167 quomodo
603 1110 694 1166 quis
716 1119 927 1166 resurgat,
952 1119 1022 1152 aut
1042 1110 1153 1166 quali
1177 1125 1353 1167 corpore
1371 1127 1443 1152 ve-

94 1183 180 1224 niat
196 1215 205 1233 ‚
227 1190 295 1223 aut
317 1182 672 1238 quemadmodum
699 1182 831 1223 soluta
849 1185 1018 1228 coe'ant,
1038 1182 1150 1237 lapsa
1169 1190 1441 1237 reparentur3

96 1253 185 1295 haec
222 1253 331 1293 enim
363 1253 533 1293 arbitrio
566 1252 638 1293 Dei
671 1251 795 1293 simul
828 1259 871 1292 ut
898 1260 1161 1299 statuuntur,
1196 1252 1438 1308 implentur.

97 1323 181 1364 Nec
204 1322 412 1363 sensibilis
437 1323 632 1363 tubarum
654 1326 898 1378 expectatur
925 1321 1091 1362 auditus
1106 1353 1115 1368 ,
1134 1322 1206 1362 sed
1229 1321 1444 1364 invisibilis

96 1391 281 1449 potentia
300 1390 621 1448 magnificentiae
642 1392 820 1432 coelestis
845 1400 1069 1447 operatum
1095 1391 1183 1432 Deo
1208 1391 1319 1432 enim
1344 1394 1447 1434 velle
1503 1445 1508 1447 λ

97 1479 171 1519 pro
197 1462 305 1503 sacto
337 1470 397 1503 est
423 1477 430 1502 :
460 1476 537 1503 nec
564 1462 881 1503 resurrectionis
906 1461 1182 1518 requirendus
1208 1462 1342 1510 nisus,
1373 1464 1446 1504 sed

95 1533 254 1574 l'ructus
273 1532 390 1573 nobis
405 1533 747 1588 estexpetendus.
768 1531 872 1583 Quae
890 1532 1119 1588 procliuius
1140 1532 1439 1582 celebrabitur,

98 1603 129 1644 si
158 1601 358 1643 exinaniti
391 1602 497 1643 vitiis
524 1602 829 1658 plenitudinem
858 1602 1051 1658 spiritalis
1082 1601 1269 1658 mysterii
1298 1617 1448 1644 conse-

99 1687 305 1728 quamur,
337 1673 597 1729 gratiamque
630 1682 827 1714 renovata
861 1687 958 1714 caro
991 1681 1172 1713 sumata
1198 1672 1374 1729 spiritu,
1407 1683 1448 1716 ct

99 1744 303 1801 fulgorem
330 1743 434 1785 lucis
454 1752 618 1785 aeternze
640 1744 776 1784 anima
795 1752 1012 1785 mutuetur
1036 1759 1056 1784 a
1086 1742 1265 1785 Christo·

161 1814 307 1856 CXVI.
347 1813 429 1856 Sed
451 1830 537 1856 non
561 1816 695 1856 solum
726 1815 1009 1871 singulorum,
1035 1829 1179 1855 verum
1203 1815 1328 1856 etiam
1365 1814 1451 1856 uni-

101 1885 306 1927 versitatis
335 1893 432 1926 sunt
462 1885 538 1926 ista
568 1885 780 1941 mysteria.
817 1886 998 1927 Adverte
1021 1885 1133 1926 enim
1160 1885 1276 1941 juxta
1305 1894 1451 1941 typum

102 1955 220 2012 Legis
236 1988 245 2002 ,
270 1955 460 1997 ordinem
483 1957 638 2012 gratiae.
666 1955 773 1997 Cum
798 1958 897 1997 tuba
922 1956 1055 2012 prima
1074 1955 1290 2003 cecinerit,
1311 1956 1453 1997 orien-

105 2028 203 2068 tales
222 2036 462 2083 congregat,
483 2026 600 2083 quasi
622 2026 854 2084 praeeipuos
873 2034 912 2068 et
931 2027 1086 2067 electos
1108 2041 1116 2066 :
1137 2041 1232 2067 cum
1251 2027 1451 2076 secunda,

105 2113 304 2154 suppares
327 2097 485 2140 meritis
502 2131 512 2146 ,
535 2098 606 2154 qui
625 2100 858 2139 secundum
875 2097 1083 2139 Libanum
1107 2098 1194 2145 siti,
1220 2098 1456 2154 derelique-

107 2170 189 2211 rint
215 2169 395 2210 ludibria
423 2169 642 2213 nationum
668 2185 676 2210 :
703 2185 799 2210 cum
822 2170 944 2210 tertia
963 2201 972 2216 ,
1001 2184 1071 2210 eos
1097 2169 1167 2225 qui
1193 2178 1391 2225 tanquam
1413 2169 1456 2211 in

107 2239 212 2282 mari
234 2239 429 2297 exagitati
452 2240 569 2282 istius
596 2239 703 2282 freto
731 2240 877 2281 mundi
896 2273 907 2288 ,
939 2241 1080 2281 saeeuli
1104 2239 1229 2295 hujus
1258 2239 1458 2281 fluetibus

107 2309 423 2352 vacillaverint:
462 2325 558 2351 cum
588 2318 759 2366 quarta,
796 2310 886 2351 illos
918 2309 988 2365 qui
1023 2309 1220 2350 duritiam
1252 2311 1457 2351 mentium

111 2395 376 2436 nequaquam
403 2380 500 2422 satis
524 2382 739 2437 potuerint
761 2381 916 2437 eloquii
948 2381 1142 2437 spiritalis
1169 2381 1333 2422 mollire
1359 2396 1459 2437 prze-

113 2459 261 2508 cept03
290 2459 332 2492 et
354 2451 447 2493 ideo
480 2453 714 2494 secundum
746 2452 926 2494 Boream
959 2452 1093 2493 vocati
1130 2459 1229 2493 sunt
1252 2484 1262 2502 ‚
1298 2452 1457 2494 Boreas

112 2520 225 2563 enim
250 2521 482 2564 secundum
507 2521 800 2571 Salomonem,
824 2523 955 2566 durus
975 2530 1038 2565 est
1065 2521 1252 2565 ventus2,

161 2608 170 2624 ¹
189 2599 272 2635 Psal.
290 2611 339 2642 ct,
354 2600 386 2634 5.
404 2619 442 2626 —
463 2610 474 2625 ²
493 2602 589 2635 Prov.
607 2612 714 2642 xxvn,
733 2602 782 2634 16.
