1774 3158
319 225 377 276 42
860 245 891 273 s,
930 245 1123 273 Amssaosu

317 320 571 374 precabatur
590 321 723 365 David
748 323 974 366 Dominum
1000 339 1075 381 pro
1097 323 1189 372 (30¹,
1218 331 1261 366 et
1286 322 1521 379 jejunavit,
1552 330 1594 365 et
1622 321 1665 365 in

320 389 458 431 cilicio
477 391 625 446 jacuit,
650 401 691 436 et
713 394 945 436 astantibus
973 394 1203 450 majoribus
1227 402 1343 441 natu,
1366 401 1412 434 ut
1433 392 1667 444 excitarent

318 472 415 499 eum
439 460 490 500 de
513 469 645 507 terra,
671 478 749 505 nec
770 463 1025 520 surgendum
1045 463 1122 505 sibi
1138 495 1149 511 ,
1171 477 1249 504 nec
1268 461 1519 504 coenandum
1544 468 1668 517 puta-

320 526 390 568 vit.
429 529 508 570 Ubi
540 546 638 573 vero
669 533 913 575 defunctum
936 548 1113 590 puerum
1141 532 1390 589 comperit2,
1417 531 1597 573 surrexit
1617 531 1668 572 de

321 602 430 637 terra
450 630 460 646 ‚
485 600 585 642 lavit
613 601 746 650 illico,
771 611 923 644 unctus
945 612 1029 652 est,
1065 603 1310 644 vestimenta
1335 601 1536 649 mutavit,
1565 601 1669 642 ado-

320 667 427 708 ravit
445 668 670 714 Dominum
688 705 697 720 ,
718 673 857 715 cibum
874 673 1061 731 sumpsit.
1088 673 1192 714 Cum
1212 673 1300 714 haec
1319 672 1507 713 miranda
1529 670 1669 727 pueris

324 737 406 778 suis
429 739 693 790 viderentur,
719 745 932 801 respondit
965 744 1021 786 eis
1054 742 1167 785 recte
1199 758 1267 790 se,
1299 742 1456 784 infante
1482 741 1668 792 vivente,

322 804 536 860 jejunasse
568 820 609 853 et
639 814 852 869 plorasse;
882 814 977 870 quia
1004 813 1096 870 jure
1129 812 1412 854 arbitrabatur
1440 810 1669 852 Dominum

323 890 443 930 posse
459 879 664 930 misereri,
685 898 762 925 nec
782 884 1060 926 dubitandum
1081 884 1193 938 quod
1212 883 1332 923 vitam
1354 888 1491 937 posset
1507 893 1671 920 servare

326 945 502 989 viventis
518 981 527 996 ,
549 952 618 1007 qui
642 963 781 1009 posset
805 953 1013 996 vivificare
1035 953 1254 995 defunctos
1277 967 1286 993 :
1312 952 1395 1008 jam
1421 965 1538 998 vero,
1558 948 1670 990 obita

329 1025 464 1057 morte
481 1051 489 1065 ,
515 1020 613 1075 quid
638 1021 874 1078 jejunaret,
896 1024 966 1080 qui
985 1023 1067 1080 jam
1091 1038 1172 1064 non
1192 1030 1330 1079 posset
1345 1021 1547 1062 reducere
1564 1033 1672 1061 mor-

328 1091 443 1126 tuum
464 1119 472 1136 ,
492 1091 811 1149 exanimemque
828 1108 1040 1135 revocare.
1060 1093 1189 1149 «Ego,
1210 1091 1357 1147 inquit,
1384 1090 1452 1131 ibo
1472 1091 1521 1130 ad
1543 1102 1637 1128 eum
1658 1101 1667 1127 ε

329 1153 446 1210 »ipse
468 1167 606 1199 autem
629 1176 711 1202 non
736 1171 969 1205 revertetur
991 1163 1041 1203 ad
1064 1161 1171 1203 me³.
1192 1180 1205 1199 ι)

388 1225 542 1270 XXVI.
582 1230 618 1272 O
652 1233 878 1275 maximum
910 1233 1101 1275 solatium
1135 1230 1429 1273 desiderantis!
1456 1229 1492 1271 O
1527 1242 1670 1273 verum

326 1295 525 1349 sapientis
562 1299 789 1353 judicium!
825 1303 860 1345 O
891 1303 1038 1345 miram
1072 1302 1314 1358 sapientiam
1350 1289 1590 1340 servientis!
1627 1305 1673 1338 ut

328 1377 451 1404 nemo
473 1367 549 1407 sibi
569 1369 728 1411 adversi
750 1372 902 1427 aliquid
927 1372 1125 1413 accidisse
1145 1371 1311 1427 indigne
1333 1370 1510 1415 !‘=‚·1·at,'<·t
1529 1375 1670 1411 contra

328 1434 526 1476 meritum
562 1453 682 1479 suum
716 1456 759 1481 se
782 1450 982 1497 queratur
1005 1441 1218 1483 afflictum.
1257 1440 1360 1490 Quis
1390 1439 1499 1479 enim
1531 1447 1573 1479 tu
1607 1452 1670 1483 οε,

331 1503 400 1557 qui
430 1506 480 1546 de
512 1515 583 1548 tuo
612 1510 760 1552 merito
790 1520 884 1553 ante
907 1511 1180 1569 pronunties?
1205 1511 1289 1551 Cur
1319 1509 1546 1565 praevenire
1567 1507 1673 1548 desi-

332 1573 757 1633 dssrastcognitorem?
776 1585 860 1623 Cur
881 1583 1005 1640 eripis
1032 1582 1280 1624 sententiam
1300 1581 1566 1636 judicaturo?
1587 1578 1674 1621 Nec

330 1641 492 1687 Sanctis
510 1646 618 1689 istud
632 1651 880 1706 permissum
900 1661 976 1698 est.
998 1667 1074 1693 nec
1088 1667 1106 1692 a
1122 1651 1282 1694 Sanctis
1301 1651 1472 1707 impune
1490 1663 1673 1704 unquam

331 1720 392 1753 est
411 1726 669 1772 usurpatum.
690 1720 817 1762 David
833 1737 875 1762 se
893 1731 1110 1778 propterea
1127 1720 1378 1777 flagellatum
1397 1736 1471 1761 suo
1491 1719 1676 1761 carmine

333 1781 560 1826 confitetur
581 1801 589 1826 :
608 1788 744 1830 «Ecce
763 1790 838 1846 ipsi
859 1799 1101 1847 peccatores
1114 1799 1155 1832 ct
1173 1791 1484 1832 abundantesin
1504 1790 1672 1836 saecuto,

332 1852 640 1899 »obtinuerunt
686 1859 860 1902 divitias.
907 1862 1016 1917 Ergo
1055 1861 1141 1902 sine
1180 1875 1302 1901 causa
1343 1859 1563 1914 justificavi
1605 1873 1678 1899 cor

336 1942 349 1961 »
366 1940 503 1968 meum
524 1960 533 1974 ,
557 1936 598 1969 et
620 1930 698 1970 lavi
724 1931 829 1972 inter
852 1932 1097 1973 innocentes
1120 1946 1269 1972 [nanus
1294 1946 1405 1981 meas
1430 1945 1438 1970 :
1463 1938 1503 1971 et
1528 1929 1584 1970 sui
1608 1927 1678 1969 ssa·

332 2015 344 2031 ο
363 1997 538 2050 gellatus
558 2007 642 2039 tota
669 2000 734 2040 die
750 2032 758 2045 ,
781 2009 822 2041 et
843 2001 966 2042 index
988 2016 1105 2042 meus
1135 2001 1173 2041 in
1197 2000 1490 2041 matutinutn⁶.
1510 2018 1522 2037 n

395 2065 570 2108 XXVII.
610 2069 755 2110 Petrus
773 2086 939 2127 quoque
958 2071 1143 2126 quamvis
1162 2073 1307 2127 plenus
1324 2070 1674 2118 [ideam-ottonis3

337 2142 477 2176 tamen
496 2139 593 2192 quia
607 2140 794 2182 nondum
813 2142 1006 2184 conscius
1020 2151 1168 2183 nostrae
1185 2141 1436 2183 infirmitatis
1454 2157 1678 2199 praesumpr

337 2204 417 2245 tive
446 2205 606 2249 dixerat
634 2209 815 2251 Domino
841 2212 1080 2253 :aAnimam
1104 2227 1238 2253 meam
1264 2226 1339 2268 pro
1368 2219 1408 2253 te
1440 2209 1667 2267 ponam⁵;·

339 2276 611 2320 tentationem
636 2282 971 2338 praesumptionis
991 2283 1211 2338 antequam
1241 2283 1364 2323 tertio
1387 2283 1518 2339 gallus
1542 2290 1662 2324 canta

339 2357 402 2389 ret
426 2349 618 2393 incurrit.
646 2350 762 2393 Licet
785 2352 851 2394 illa
874 2353 1047 2400 tentatio
1071 2352 1371 2396 documentum
1394 2353 1520 2403 fuerit
1542 2354 1591 2394 ad
1613 2368 1679 2394 sa-

337 2422 467 2462 lutern
481 2419 513 2469 6;
540 2430 585 2462 ut
604 2423 810 2463 discamus
828 2438 909 2464 non
929 2432 1199 2464 contemnere
1218 2424 1353 2464 caruis
1376 2422 1675 2470 infirmitatem,

385 2534 391 2546 ¹
423 2536 441 2555 2
459 2525 538 2564 neg.
568 2535 628 2560 κη,
660 2525 709 2555 18.
734 2543 774 2548 -
794 2534 805 2547 2
827 2524 911 2556 lbid.
933 2536 981 2556 20.
1003 2542 1041 2548 —
1060 2527 1074 2548 3
1095 2524 1181 2555 thid.
1202 2526 1253 2556 25.
1268 2542 1307 2548 —
1326 2527 1338 2551 ⁴
1359 2524 1440 2557 Psai.
1459 2535 1556 2559 utu.
1579 2534 1629 2562 1⁹,
1648 2529 1680 2556 et

334 2588 424 2620 seqq.
446 2595 486 2602 —-
512 2581 523 2600 ⁵
543 2579 636 2610 Joan.
659 2590 731 2615 xm,
749 2580 801 2622 37.
817 2596 856 2603 —-
873 2581 888 2601 ⁶
906 2579 957 2610 ld.
973 2589 1052 2610 xvru
1066 2603 1073 2613 ,
1091 2590 1142 2620 ²7·
