1774 3158
326 184 381 233 48
870 190 902 215 s.
940 188 1130 216 annnosn

329 268 536 325 corporis,
563 265 731 323 spiritus
754 264 883 306 vitae?
912 265 964 306 Et
986 265 1079 306 ideo
1103 263 1431 306 commoriamur
1464 274 1559 302 cum
1585 274 1632 301 eo
1655 292 1664 306 ‚

328 348 374 382 ut
390 340 575 380 vivamus
598 350 694 377 cum
713 349 777 377 eo.
803 333 864 376 Sit
883 335 1053 390 quidam
1072 334 1338 390 quotidianus
1359 347 1457 374 usus
1474 331 1514 372 in
1530 330 1666 378 nobis,

332 408 588 463 affectusque
609 405 843 452 moriendi3
878 413 923 446 ut
947 419 1021 460 per
1049 403 1160 446 illam
1185 437 1194 452 ‚
1219 418 1344 460 quam
1367 401 1548 444 diximus
1565 432 1579 450 ‚
1605 415 1671 441 se-

331 478 613 536 gregationem
645 491 667 517 a
696 473 907 531 corporeis
939 473 1241 530 cupiditatibus
1282 474 1417 514 anima
1455 479 1594 512 nostra
1629 485 1672 511 sc

334 549 466 591 discat
487 546 703 588 extrahere
720 578 730 594 ‚
755 553 797 586 et
819 553 1017 600 tanquam
1036 543 1077 585 in
1099 544 1267 585 sublimi
1288 544 1424 585 locata
1446 574 1457 591 ‚
1480 556 1564 598 quo
1587 549 1673 582 ter-

335 619 446 661 renae
478 618 592 659 adire
615 615 809 657 libidines
829 646 839 662 ,
870 622 909 654 et
933 628 1025 654 eam
1049 613 1126 654 sibi
1148 613 1355 670 glutinare
1379 627 1463 654 non
1485 611 1644 668 possint
1665 643 1674 657 ,

338 687 532 743 suscipiat
561 684 707 726 mortis
736 683 981 740 imaginem,
1021 698 1074 724 ne
1095 697 1263 740 poenam
1294 681 1440 723 mortis
1474 680 1672 722 incurrat.

337 759 557 813 Repugnat
579 754 690 795 enim
713 754 779 794 lex
801 751 937 794 earnis
960 752 1041 809 legi
1062 753 1214 794 mentis
1231 785 1240 800 ‚
1264 760 1304 793 et
1322 766 1411 793 eam
1430 750 1510 807 legi
1528 749 1679 792 erroris

342 826 520 874 addicit,
547 825 653 866 sicut
680 823 909 880 Apostolus
931 823 1159 870 revelavit,
1196 823 1339 864 dicens
1361 820 1541 864 :«Vide0
1568 820 1679 862 enim

342 917 356 935 υ
372 900 505 954 legem
528 895 664 937 carnis
681 909 782 936 meae
801 901 1106 951 repugnantem
1129 894 1209 950 legi
1227 893 1378 936 mentis
1391 907 1494 934 meae
1509 925 1519 941 ,
1534 897 1575 933 et
1592 905 1684 946 cap-

344 987 358 1006 »
374 967 571 1009 tivantem
593 979 662 1006 me
679 964 721 1005 in
738 965 829 1021 lege
846 964 1008 1020 peccati
1024 963 1079 1006 ².»
1094 963 1250 1005 Omnes
1265 963 1575 1019 impugnamur,
1600 975 1686 1001 om-

345 1052 417 1079 nes
440 1035 640 1078 sentimus
665 1051 674 1074 ε
702 1035 774 1075 sed
796 1048 879 1074 non
896 1048 1042 1074 omnes
1064 1034 1306 1076 liberamur.
1343 1033 1395 1074 Et
1421 1032 1515 1074 ideo
1548 1029 1687 1072 infelix

345 1121 421 1162 ego
445 1105 572 1146 homo
596 1136 607 1152 ,
636 1103 713 1144 nisi
734 1103 967 1144 remedium
986 1116 1182 1158 quaeram.

405 1174 515 1217 XLI.
551 1173 636 1215 Sed
659 1173 772 1228 quod
796 1172 1058 1214 remedium?
1081 1189 1096 1210 «
1110 1172 1213 1223 Quis
1232 1185 1300 1213 me
1315 1171 1511 1213 liberabit
1531 1170 1583 1213 de
1602 1185 1690 1212 cor-

350 1263 365 1284 »
380 1258 480 1301 pore
500 1241 647 1284 mortis
666 1240 824 1296 hujus?
846 1241 988 1284 Gratia
1010 1241 1086 1283 Dei
1109 1256 1183 1298 per
1199 1240 1344 1283 Jesum
1371 1240 1584 1283 Christum
1604 1240 1691 1282 Do-

352 1333 366 1353 »
381 1313 543 1355 minum
570 1310 803 1353 nostrum2.
819 1329 833 1349 n
864 1311 1076 1353 Habemus
1099 1311 1310 1353 medicum
1333 1343 1343 1359 ,
1379 1325 1604 1367 sequamur
1626 1326 1692 1351 re-

352 1383 552 1425 medium.
574 1381 821 1425 Remedium
846 1390 1036 1424 nostrum
1056 1381 1210 1424 Christi
1230 1381 1359 1438 gratia
1381 1389 1466 1430 est,
1484 1390 1526 1423 et
1542 1396 1693 1437 corpus

353 1453 500 1496 mortis
519 1466 671 1508 corpus
688 1460 750 1493 est
767 1460 972 1492 nostrum.
995 1450 1105 1509 Ergo
1127 1451 1443 1508 peregrinemur
1459 1467 1481 1492 a
1500 1465 1690 1507 corpore,

356 1540 407 1566 ne
429 1521 744 1580 peregrinemur
767 1536 787 1563 a
810 1520 979 1563 Christo
1003 1537 1012 1562 ε
1036 1521 1112 1562 etsi
1130 1520 1173 1562 in
1186 1535 1362 1578 corpore
1378 1536 1538 1569 sumus,
1559 1529 1696 1562 tamen

357 1608 447 1650 qnae
465 1600 560 1635 sunt
583 1591 770 1649 corporis
793 1606 875 1632 non
899 1605 1142 1646 sequamur,
1167 1605 1245 1632 nec
1261 1591 1500 1632 deseramus
1520 1589 1613 1646 jura
1630 1603 1699 1630 na·

361 1675 485 1713 turae,
509 1664 583 1705 sed
603 1664 708 1705 dona
734 1662 874 1718 gratiae
897 1670 1176 1718 praeoptemus
1202 1676 1210 1701 :
1242 1679 1256 1699 α
1280 1661 1457 1703 Dissolvi
1482 1660 1593 1702 enim
1615 1692 1625 1708 ,
1659 1669 1701 1701 ot

359 1755 373 1773 »
390 1749 484 1776 cum
501 1733 667 1775 Christo
680 1747 770 1774 esse
781 1732 913 1772 multo
928 1731 1078 1773 melius
1091 1745 1358 1788 :permanere
1372 1739 1511 1773 autem
1523 1730 1566 1772 in
1577 1744 1702 1772 carne

360 1805 519 1862 »magis
537 1802 820 1846 necessarium
841 1811 1012 1858 propter
1030 1801 1140 1844 vos3.
1158 1821 1172 1840 n

418 1873 547 1917 XLII.
586 1872 669 1933 Sed
695 1887 779 1913 non
810 1872 1007 1913 omnibus
1030 1872 1313 1914 necessarium
1329 1904 1339 1921 ,
1364 1873 1544 1914 Domine
1568 1872 1668 1914 Jesu
1690 1889 1698 1912 :

362 1960 446 1986 non
475 1943 608 1990 mihi,
651 1942 721 1998 qui
753 1941 857 1983 nulli
889 1942 1000 1983 utilis
1035 1957 1153 1991 sum;
1186 1957 1281 1984 nam
1317 1943 1418 1984 mihi
1448 1943 1614 1984 lucrum
1642 1950 1706 1983 est

364 2015 472 2056 mori
495 2045 506 2062 ,
532 2028 583 2054 ne
604 2013 725 2068 plura
742 2025 930 2067 peccem.
957 2011 1145 2053 Lucrum
1168 2012 1273 2054 mihi
1293 2021 1354 2054 est
1375 2013 1506 2061 mori,
1529 2013 1599 2068 qui
1618 2012 1705 2069 ipso

364 2085 470 2126 libro
498 2097 580 2138 quo
604 2081 703 2124 alios
731 2082 942 2129 consolor,
967 2081 1082 2138 quasi
1100 2078 1414 2124 behementiore
1431 2082 1638 2124 monitore
1656 2083 1707 2124 ad

367 2151 618 2194 desiderium
641 2149 779 2192 amissi
801 2150 940 2192 fratris
964 2151 1184 2208 impellor3
1209 2151 1407 2208 quoniam
1429 2167 1496 2194 me
1519 2152 1608 2209 ejus
1625 2167 1707 2193 non

367 2223 463 2265 sinit
485 2221 688 2264 oblivisci.
717 2220 838 2263 Nunc
853 2221 984 2278 magis
1001 2236 1111 2270 amo,
1128 2230 1171 2264 et
1186 2222 1477 2265 vehementius
1499 2223 1701 2265 desidero.

363 2294 567 2335 Desidero
589 2306 687 2334 cum
709 2292 875 2348 loquor,
908 2292 1100 2335 desidero
1127 2306 1224 2334 cum
1254 2294 1420 2350 releg03
1449 2302 1490 2336 et
1512 2294 1605 2337 ideo
1630 2294 1711 2337 hoc

364 2363 502 2420 potius
525 2362 797 2404 scribendum
823 2361 1019 2408 arbitror,
1044 2377 1097 2403 ne
1120 2363 1288 2418 quando
1320 2363 1369 2404 ab
1399 2364 1490 2419 ejus
1515 2366 1712 2406 recorda-

367 2432 481 2474 tione
503 2430 685 2473 divellar.
717 2430 843 2481 Quod
860 2445 944 2472 non
960 2439 1106 2473 contra
1125 2431 1362 2489 Scripturas
1384 2433 1507 2483 facio,
1528 2436 1599 2476 sed
1616 2449 1711 2475 cum

411 2532 418 2547 ¹
444 2524 536 2555 Rom.
557 2531 613 2557 vn,
640 2520 689 2552 23.
708 2539 746 2545 -
767 2532 776 2545 =
801 2521 887 2553 lbid.
909 2522 957 2559 24,
980 2523 1029 2553 25.
1050 2540 1086 2546 ·--
1109 2523 1121 2545 ³
1138 2523 1368 2564 Philip.1,25,
1385 2525 1433 2562 24.
