1774 3158
250 235 333 291 298
797 248 827 276 s,
870 247 1062 277 Aiinnosn

245 325 297 366 ad
317 338 414 365 eum
436 323 643 380 judicium
669 324 886 382 publicum
908 326 1159 384 perveniret.
1181 325 1261 368 Pro
1285 325 1592 368 existimatione
1645 348 1654 358 ι

241 403 304 437 est
325 404 560 452 temporum
579 396 843 451 superiorum
859 429 869 445 ,
888 406 1035 438 utnon
1054 395 1254 438 dubitetis
1273 397 1458 445 abolere,
1476 398 1591 454 quod

240 467 464 523 probatum
487 476 549 509 est
567 467 768 525 principis
790 484 874 510 non
895 468 1037 510 fuisse.

239 633 721 646 mmmmxmmmuznae
737 634 1146 645 ωωωιιπκιΊ-ιιπιι
1155 634 1165 642 =
1175 631 1600 644 mwusvssvaemzwmvt

679 742 942 785 EPISTOLA
974 742 1113 785 XVIII
1133 742 1162 784 ¹.

241 881 463 923 Relationi
479 879 738 938 Symmachi
759 879 987 936 respondet
1012 879 1273 921 Ambrosius
1295 913 1304 927 ‚
1328 889 1476 936 etpost
1494 895 1598 921 con-

305 952 507 993 ciliatam
540 951 626 992 sibi
662 949 978 990 Valentiniani
1013 949 1358 991 benevolentiam
1376 983 1386 998 ,
1424 950 1512 990 tria
1551 950 1600 989 in

304 1020 454 1061 eadem
493 1020 705 1060 relatione
730 1021 957 1075 pra’cipua
988 1020 1134 1075 capita
1165 1019 1437 1076 aggreditur.
1479 1018 1599 1060 Nam

302 1091 609 1148 prosopopoeioe
630 1106 718 1145 qua
740 1090 877 1130 Roma
894 1090 1060 1146 priscos
1079 1104 1176 1131 suos
1194 1091 1484 1145 ritusposcere
1505 1089 1592 1144 sin-

303 1161 510 1219 gebatur,
541 1162 635 1202 alia
657 1160 856 1215 ejusdem
884 1159 1035 1200 Bomce
1057 1160 1286 1201 contraria
1306 1159 1599 1218 efflagitantis

305 1231 561 1288 opponitur,
603 1245 703 1271 oum,
744 1229 991 1271 Vestalibus
1034 1240 1073 1270 et
1110 1228 1375 1286 sacrificulis
1405 1230 1603 1288 virgines

303 1316 438 1342 sacrse
461 1311 498 1342 et
525 1300 691 1342 Christi
718 1300 957 1341 sacerdotes
979 1310 1323 1355 comparantur,
1351 1315 1403 1341 ae
1426 1300 1602 1342 tandem

309 1371 423 1425 quod
447 1370 641 1412 sublatas
672 1371 769 1412 illas
800 1371 1082 1411 caeremonias
1115 1372 1280 1426 famem
1309 1371 1450 1412 ultam
1470 1371 1603 1427 fuisse

304 1440 609 1489 dictitabatur,
636 1441 683 1481 id
700 1455 871 1484 vanum
883 1456 967 1482 esse
991 1441 1299 1482 invictissimis
1323 1442 1599 1499 argumentis

310 1512 649 1554 demonstratur.

249 1661 496 1704 Ambrosius
519 1660 741 1718 episcopus
760 1659 1003 1702 beatissimo
1021 1659 1200 1717 principi
1219 1669 1260 1702 et
1279 1661 1604 1704 clementissimo

537 1730 782 1787 imperatori
806 1729 1101 1772 Valentiniano
1128 1739 1317 1787 augusto.

311 1868 342 1909 Ι.
380 1867 471 1909 CUM
496 1867 558 1908 vir
581 1865 863 1909 clarissimus²
883 1865 1107 1923 praefectus
1129 1867 1243 1909 urbis
1261 1866 1542 1924 Symmachus
1555 1870 1607 1911 ad

253 1939 520 1982 clementiam
557 1947 673 1981 tuam
706 1938 940 1986 retulisset,
968 1947 1098 1979 utara
1123 1953 1215 1994 quae
1236 1940 1288 1980 de
1321 1938 1438 1980 urbis
1460 1939 1606 1982 Romae

250 2011 366 2053 curia
392 2011 555 2052 sublata
576 2009 735 2058 fuerat,
759 2009 1012 2050 redderetur
1033 2010 1153 2055 loco;
1177 2017 1219 2049 et
1245 2017 1288 2049 tu
1304 2041 1314 2057 ,
1342 2008 1577 2064 Imperator
1593 2042 1603 2057 ,

251 2082 351 2123 licet
374 2081 512 2122 adhuc
530 2080 571 2121 in
588 2079 762 2120 minoris
785 2079 859 2120 aevi
882 2078 1092 2135 tyrocinio
1107 2077 1358 2119 florentibus
1380 2093 1512 2119 novus
1537 2094 1608 2120 an-

251 2152 315 2193 nis
339 2185 348 2199 ‚
384 2150 484 2192 fidei
519 2158 659 2191 tana-n
692 2149 846 2190 virtute
877 2157 1099 2201 veteranus
1139 2149 1358 2190 obsecrata
1387 2149 1608 2205 gentilium

217 2266 221 2268 ,
247 2237 332 2264 non
351 2221 574 2278 proban-(353
598 2221 748 2261 eodem
767 2252 777 2268 ,
803 2234 886 2275 quo
911 2219 1099 2276 comperi
1117 2252 1126 2265 ,
1152 2227 1312 2275 puncto
1329 2219 1520 2262 libellum
1535 2220 1608 2261 ob-

248 2292 452 2348 tuli:quo
484 2291 584 2333 licet
608 2289 1026 2348 comprehenderim,
1055 2304 1147 2345 quae
1171 2290 1424 2347 suggestioni
1464 2306 1607 2333 neces-

247 2362 354 2405 saria
376 2361 645 2409 viderentur3
671 2347 846 2418 popissffi
860 2369 999 2402 tamen
1015 2361 1256 2416 exemplum
1275 2360 1377 2401 mihi
1394 2360 1609 2403 relationis

255 2433 358 2476 dari.
930 2439 933 2441 '

304 2503 355 2545 ΙΙ.
388 2502 533 2558 Itaque
554 2515 639 2542 non
662 2499 760 2542 fidei
791 2509 871 2543 tuae
900 2501 1141 2559 ambiguus,
1172 2502 1246 2544 πᾶ
1274 2501 1475 2558 providus
1501 2516 1609 2544 cau-

299 2605 308 2620 ¹
329 2594 454 2637 Scripta
471 2603 544 2626 ann.
558 2592 630 2631 584.
652 2611 692 2617 --
709 2601 720 2617 ·
742 2592 823 2624 Vide
838 2593 881 2626 D.
898 2592 1042 2629 Guillon,
1057 2598 1135 2626 tom.
1154 2604 1196 2631 ix,
1211 2603 1244 2635 p,
1265 2591 1417 2623 525-555.
