1774 3158
257 266 346 324 474
763 281 1099 314 Annona-towns.

629 429 876 459 ANNo'rATm
912 418 1002 473 (22)
1039 432 1131 475 pag.
1171 418 1239 474 59.

322 543 412 587 Non
427 545 607 587 obscura
629 546 775 588 allusio
797 556 859 590 est
882 549 933 590 ad
950 548 1040 590 haec
1062 547 1175 606 Virg.
1198 549 1387 592 carmina
1404 565 1454 593 ex
1471 551 1544 594 lib.
1560 567 1608 601 11,

260 615 411 672 Georg.
440 631 532 658 vers
558 619 652 668 140,
684 620 761 668 141
788 627 829 660 et
856 622 948 670 142.

320 700 432 742 Hoee
454 702 545 743 loca
571 718 659 744 non
680 706 801 746 tauri
819 706 1036 762 spirantes
1057 705 1242 747 naribus
1259 706 1409 764 ignem

318 770 567 824 Invenere,
594 774 700 814 satis
719 775 929 816 immanis
946 776 1147 816 dentibus
1169 775 1330 833 hydri,

319 841 408 884 Nec
422 843 558 900 galeis
574 875 584 891 ,
610 844 837 899 densisque
852 846 1005 886 virum
1027 861 1140 902 seges
1163 848 1337 888 horruit
1360 846 1513 890 hastis.

264 926 406 968 Innuit
438 942 563 984 pot-ro
582 929 830 970 Ambrosius
853 945 899 971 ea
922 946 1012 986 quae
1033 946 1052 972 11
1076 932 1208 987 [100115
1240 940 1529 973 memorantur
1564 932 1616 973 do

267 996 425 1038 Cadmo
443 999 686 1040 Thebarum
705 1001 940 1047 conditore,
961 1002 1011 1041 (10
1029 1016 1113 1056 quo
1137 1001 1260 1042 adisis
1284 1001 1428 1048 Ovid„
1452 1002 1525 1043 lib.
1549 1017 1613 1050 111,

266 1065 576 1124 Metamorplt.,
599 1069 679 1111 sab.
709 1085 722 1111 1
738 1102 747 1117 ‚
772 1078 814 1112 et
835 1069 924 1112 Nat.
953 1069 1178 1118 Comitem,
1201 1070 1272 1112 lib.
1299 1086 1390 1118 vm,
1409 1069 1612 1129 Mythol„

266 1149 358 1194 cap.
384 1138 453 1186 25,
474 1148 515 1180 et
535 1140 606 1182 lib.
637 1156 692 1188 xx,
723 1155 814 1197 cap.
848 1142 913 1191 14.
936 1140 1054 1182 Paria
1078 1156 1247 1197 quoque
1268 1143 1318 1183 (10
1334 1141 1489 1184 Jasone
1506 1142 1618 1184 canit

267 1207 465 1258 Ovidius,
491 1211 562 1252 lib.
603 1226 685 1260 vn,
710 1211 793 1253 sab.
827 1226 841 1252 1
863 1244 874 1260 ,
900 1220 941 1253 et
966 1212 1052 1260 alii,
1079 1227 1099 1252 a
1130 1212 1282 1269 quibus
1315 1221 1454 1254 actum
1479 1221 1541 1255 est
1567 1213 1619 1255 de

268 1276 519 1335 Argonautis
535 1313 545 1329 ,
565 1281 718 1337 quibus
741 1281 909 1324 additur
925 1281 1018 1324 Nat.
1046 1283 1220 1331 Comet,
1239 1282 1313 1324 lib.
1338 1298 1403 1332 v1,
1427 1297 1518 1341 cap.
1542 1283 1581 1325 8.

642 1433 885 1462 ANNOTATIO
922 1418 1011 1477 (23)
1048 1434 1142 1477 pag.
1179 1420 1248 1461 63.

326 1555 482 1598 Institae
505 1555 586 1598 hoc
609 1557 704 1598 loco
726 1555 863 1598 sasciae
887 1557 1140 1614 septflcrales
1163 1565 1283 1606 sunt,
1307 1572 1399 1613 quae
1422 1556 1621 1599 dicuntur

270 1641 291 1669 a
313 1626 626 1678 Joannoxszpt'ozc,
654 1634 725 1667 aut
752 1626 901 1667 melius
927 1631 1036 1680 κηρίαι
1061 1641 1081 1668 a
1102 1627 1272 1668 1101111110
1293 1632 1374 1681 κὴρ,
1400 1642 1513 1668 mors
1539 1625 1623 1668 sivo

271 1696 417 1738 satum,
449 1695 514 1737 Ad
532 1710 599 1737 eas
624 1710 645 1736 a
662 1695 821 1738 Davide
843 1697 1020 1738 allusum
1045 1696 1232 1738 Nannius
1257 1704 1401 1754 putat,
1429 1695 1498 1737 ubi
1519 1695 1623 1753 legi-

271 1783 366 1809 mus
387 1783 395 1807 :
419 1767 739 1808 Proevenerunt
763 1781 832 1808 mo
855 1767 999 1822 laquei
1020 1768 1205 1809 mortis:
1226 1769 1351 1825 fimes
1384 1767 1519 1825 inferi
1542 1767 1624 1808 cir-

273 1839 591 1880 cumdederunt
612 1853 708 1887 me;
733 1837 797 1880 his
815 1838 928 1880 enim
946 1838 1147 1880 cadavera
1168 1838 1392 1895 unguentis
1411 1837 1597 1880 delibuta
1611 1870 1622 1887 ‚

270 1925 324 1953 ne
351 1910 626 1967 corruptione
656 1910 935 1958 solverentur,
970 1908 1106 1952 Judaei
1143 1910 1397 1968 obligabant.
1425 1910 1626 1953 Attamen

269 1997 347 2041 per
370 1981 528 2024 institas
552 1980 677 2023 etiam
699 1995 946 2023 communes
977 1980 1113 2022 fasciae
1135 1980 1451 2038 intelliguntur;
1480 1981 1564 2023 imo
1585 1989 1627 2023 et

273 2067 406 2110 genus
429 2066 598 2109 quoque
614 2051 739 2093 vestis
758 2051 974 2093 muliebris
991 2050 1236 2107 hujusmodi
1254 2051 1378 2093 fascia
1402 2066 1476 2093 seu
1494 2049 1626 2093 limbo

272 2130 545 2180 praetextum,
567 2121 688 2164 sicuti
722 2122 917 2164 observat
937 2121 1049 2164 idem
1068 2121 1279 2171 Nannius„
1304 2136 1384 2165 nec
1411 2136 1497 2164 non
1522 2120 1621 2165 Vos-

276 2194 359 2236 sius
383 2195 435 2237 ad
455 2195 648 2236 eamdem
671 2207 833 2235 vocem.

649 2343 892 2376 Amorum
930 2329 1018 2385 (24)
1055 2342 1147 2385 pag.
1186 2330 1256 2385 74.

330 2469 450 2511 Tuba
488 2469 665 2512 Romani
695 2468 924 2510 utebantur
969 2467 1011 2509 in
1052 2467 1223 2515 militia,
1265 2466 1628 2523 quemadmodum

276 2541 486 2599 tympanis
505 2555 551 2583 ac
574 2539 686 2582 tibiis
707 2539 875 2582 barbari
897 2554 906 2580 :
927 2553 1009 2596 qua
1034 2538 1084 2581 de
1116 2554 1162 2581 re
1187 2538 1360 2581 consule
1381 2536 1492 2580 Just.
1529 2535 1629 2595 Lip-

274 2612 380 2656 sium
403 2613 455 2655 de
474 2611 573 2658 Mic.
591 2610 738 2660 Rom„
767 2610 840 2654 lib.
868 2626 925 2659 11,
952 2610 1049 2654 dial.
1084 2624 1146 2652 10.
