1774 3158
326 232 342 257 1
355 216 406 257 30
881 226 913 253 s·
954 226 1143 254 AMBnosll

324 310 475 350 demus
502 318 628 360 ergo,
664 311 705 345 et
736 303 1026 346 consentimus
1058 304 1190 360 magis
1221 305 1478 361 peregrinari
1502 308 1554 348 de
1577 322 1674 350 cor-

321 392 424 434 pore
439 409 449 425 ,
468 382 508 416 et
523 376 666 416 adesse
690 374 741 414 ad
757 373 1010 420 Dominum;
1037 382 1078 414 et
1093 373 1186 415 ideo
1208 375 1467 416 connitimur
1491 376 1576 418 sive
1595 376 1673 418 ab-

322 455 481 494 sentes,
502 448 585 487 sive
606 453 832 502 praesentes
851 444 1018 500 placere
1042 443 1142 485 illi1.

378 517 559 561 XXXII.
582 516 811 558 Absolutus
829 514 954 571 igitur
972 513 1099 554 dubio
1118 514 1365 561 certamine,
1386 514 1540 557 fruitur
1557 531 1672 558 nunc

327 597 513 646 augustae
541 585 754 628 memoriae
781 584 1044 626 Theodosius
1064 585 1160 625 luce
1184 592 1383 641 perpetua
1402 617 1412 632 ,
1436 586 1674 642 tranquilli-

318 669 402 702 tate
425 659 621 701 diuturna
642 689 652 704 ‚
677 664 719 698 et
742 670 815 711 pro
834 655 881 696 iis
903 669 994 710 quse
1019 655 1059 694 in
1080 654 1160 695 hoc
1186 654 1310 710 gessit
1328 669 1510 712 corpore
1532 671 1672 697 remu-

316 729 545 773 nerationis
573 724 950 769 divinaesructibus
977 725 1224 781 gratulatur.
1264 726 1375 782 Ergo
1401 727 1496 782 quia
1529 726 1672 768 dilexit

315 808 498 858 augustae
534 795 747 838 memoriae
784 794 1045 837 Theodosius
1083 794 1312 836 Dominum
1350 795 1488 837 Deum
1521 810 1668 845 suum,

314 870 468 913 meruit
495 868 747 910 Sanctorum
769 864 991 906 consortia.

371 939 575 984 XXXIII.
604 939 656 980 Et
672 951 748 994 ego
766 968 777 984 ,
802 945 850 977 ut
874 935 1056 992 quadam
1080 951 1319 978 sermonem
1343 951 1485 978 meum
1503 951 1672 994 perora-

310 1013 427 1055 tione
447 1009 698 1052 concludam
713 1039 724 1056 ‚
752 1006 877 1048 dilexi
896 1006 1032 1047 virum
1051 1006 1386 1055 misericordem,
1406 1007 1610 1048 humilem
1626 1006 1669 1048 in

311 1081 514 1139 imperio,
548 1079 677 1120 corde
709 1092 846 1134 puro,
880 1085 921 1117 et
956 1083 1127 1132 pectore
1159 1085 1382 1119 mansueto
1416 1077 1664 1133 praeditum,

311 1154 477 1210 qualem
503 1149 710 1192 Dominus
732 1162 871 1190 amare
899 1146 1140 1195 consuevit,
1168 1147 1312 1189 (licens
1333 1164 1342 1186 ε
1361 1148 1518 1204 «Supra
1540 1162 1667 1204 quem

306 1222 598 1279 »requiescam
615 1253 624 1267 ,
649 1219 727 1260 nisi
750 1232 875 1275 supra
900 1216 1130 1265 humilem,
1156 1226 1197 1259 et
1219 1216 1566 1259 manS11etuu129»

366 1290 568 1336 XXXIV.
604 1288 741 1331 Dilexi
774 1287 938 1335 virum,
970 1286 1041 1342 qui
1074 1287 1204 1344 magis
1235 1296 1509 1344 arguentem,
1539 1302 1666 1344 quam

307 1365 548 1406 adulantem
573 1360 790 1417 probaret.
822 1358 978 1399 Stravit
999 1372 1124 1399 omne
1140 1390 1150 1405 ,
1176 1373 1260 1414 quo
1285 1358 1485 1400 utebatur
1505 1358 1666 1415 insigne

304 1433 468 1491 regium
491 1431 602 1488 (57),
626 1429 796 1472 deflevit
819 1428 861 1469 in
884 1427 1070 1469 Ecclesia
1092 1427 1260 1483 publice
1281 1435 1505 1484 peccatum
1522 1443 1663 1476 suum,

303 1506 418 1563 quod
441 1504 479 1546 ei
510 1503 688 1545 aliorum
719 1500 866 1541 fraude
895 1498 1141 1555 obrepserat
1167 1513 1176 1539 ε
1204 1498 1363 1554 gemitu
1395 1506 1438 1540 et
1467 1498 1663 1556 lacrymis

303 1575 437 1618 oravit
459 1572 638 1615 veniam.
668 1570 795 1622 Quod
817 1567 965 1625 privati
991 1567 1264 1618 erubescunt,
1291 1583 1375 1609 non
1395 1568 1564 1610 erubuit
1585 1569 1664 1609 Im-

301 1652 492 1703 perator,
523 1640 696 1699 publice
729 1654 851 1696 agere
883 1637 1355 1694 poenitentiammeque
1381 1639 1491 1680 ullus
1518 1646 1662 1694 postea

302 1716 389 1757 dies
420 1713 518 1761 suit,
552 1726 635 1768 quo
668 1725 755 1752 non
788 1709 906 1750 illum
934 1709 1098 1750 doleret
1130 1723 1332 1750 errorem.
1374 1709 1511 1760 Quid,
1545 1708 1664 1766 quod

300 1786 549 1844 praeclaram
578 1783 752 1839 adeptus
776 1779 1024 1827 victoriam3
1050 1788 1191 1821 tamen
1221 1779 1316 1837 quia
1339 1779 1478 1821 hostes
1502 1779 1544 1821 in
1571 1780 1661 1821 acie

302 1856 499 1915 prostrati
512 1860 625 1903 sunt,
643 1852 844 1895 abstinuit
858 1866 878 1893 a
893 1850 1108 1893 cons'ortio
1125 1860 1503 1900 sacramentorum,
1523 1852 1658 1893 donec

301 1925 471 1970 Domini
489 1925 602 1967 circa
621 1939 664 1965 se
681 1923 855 1981 gratiam
874 1921 1057 1963 filiorum
1072 1922 1334 1978 experiretur
1351 1923 1530 1964 adventu
1549 1922 1653 1977 (58).

358 1994 541 2040 XXXV.
579 1994 713 2036 Dilexi
736 1993 889 2041 virum,
916 1991 987 2048 qui
1015 2006 1083 2033 me
1109 1991 1149 2032 in
1177 1992 1383 2048 supremis
1406 1992 1490 2033 suis
1508 1992 1656 2034 ultimo

302 2067 451 2124 spiritu
483 2064 740 2122 requirebat.
776 2063 910 2105 Dilexi
944 2062 1097 2108 virum,
1131 2061 1201 2117 qui
1227 2076 1329 2103 cum
1360 2061 1448 2118 jam
1479 2076 1657 2118 corpore

302 2139 552 2183 solveretur,
578 2134 708 2190 magis
726 2134 777 2174 de
794 2140 903 2174 statu
926 2131 1228 2181 Ecclesiarum,
1257 2147 1383 2188 quam
1409 2133 1460 2174 de
1482 2132 1566 2174 suis
1588 2147 1657 2189 pe-

299 2206 445 2250 riculis
476 2204 718 2262 angebatur.
754 2201 889 2244 Dilexi
921 2215 1046 2257 erge,
1075 2201 1230 2250 fateor,
1266 2211 1308 2244 et
1341 2202 1433 2244 ideo
1466 2204 1655 2244 dolorem

300 2292 443 2320 meum
468 2275 618 2317 intimo
644 2273 805 2316 viscere
834 2272 971 2319 dolui,
1004 2280 1046 2313 et
1076 2272 1301 2329 prolixiore
1325 2273 1530 2314 sermonis
1560 2288 1654 2330 pro-

299 2348 517 2391 secutione
535 2347 757 2388 solandum
773 2344 933 2401 putavi.
953 2343 1101 2392 Dilexi,
1121 2352 1162 2385 et
1178 2359 1384 2400 praesumo
1404 2344 1454 2385 de
1471 2345 1652 2387 Domino

295 2421 410 2477 quod
431 2417 631 2474 suscipiat
655 2430 801 2457 vocem
827 2414 1026 2456 orationis
1052 2429 1155 2456 meze
1171 2447 1180 2463 ,
1208 2430 1288 2472 qua
1314 2429 1545 2473 prosequor
1569 2414 1651 2457 ani-

296 2505 404 2533 mam
428 2488 553 2546 piam.

338 2581 467 2613 ¹2Cor.
486 2591 515 2618 v,
536 2580 554 2610 6
573 2592 604 2621 9.
631 2598 667 2602 —
686 2587 694 2600 ²
719 2578 792 2610 1555.
816 2590 896 2612 mxi,
915 2590 941 2609 2.
