1774 3158
255 218 339 275 396
796 233 829 262 s.
868 233 1061 263 AMBnosn

248 308 405 364 »patris
421 307 602 351 nostri¹P
617 309 690 352 »id
713 319 798 360 est,
820 313 1004 355 consulis
1025 328 1101 355 nos
1119 322 1261 357 utrum
1285 317 1462 359 velimus
1482 317 1533 359 ab
1556 332 1606 360 eo

248 378 471 420 recedere?
490 379 620 431 Quasi
640 396 740 423 vero
761 397 846 425 non
865 384 1115 441 cognoveris
1138 387 1250 441 quod
1272 388 1428 428 nullam
1448 387 1609 429 habea-

250 461 343 488 mus
364 448 636 505 cupiditatem
651 451 741 507 ejus
760 452 990 501 societatis,
1015 468 1152 510 neque
1171 470 1245 496 nos
1266 455 1399 497 dulcis
1417 456 1609 512 pluribus

249 517 513 560 saecularium
537 519 776 563 divitiarum
805 523 1013 580 cupiditas
1037 532 1204 573 teneat,
1243 533 1313 567 aut
1333 525 1509 567 luxuriae
1539 527 1612 567 lae-

250 585 370 627 titia?
392 587 491 629 Haec
511 598 610 632 sunt
631 605 722 647 quae
739 607 815 634 nos
832 593 1004 640 misera,
1023 607 1069 634 ac
1088 593 1208 635 nobis
1227 595 1360 636 aliena
1383 594 1577 636 duximus
1600 610 1609 636 :

252 654 342 696 haec
356 665 452 698 sunt
472 673 563 714 quae
580 660 704 717 plena
727 662 879 718 inopiae
905 670 1029 719 atque
1047 663 1243 719 egestatis
1263 664 1529 706 arbitramur.

313 726 369 768 X.
405 727 625 784 Adjiciunt
657 732 784 774 etiam
820 748 992 775 causam
1029 734 1275 775 secessionis
1293 767 1301 781 ,
1343 735 1439 791 quia
1473 750 1616 777 veram

254 796 429 853 gloriam
448 831 459 848 ,
483 808 525 841 et
542 800 643 842 boni
668 802 856 845 thesauri
879 805 1022 861 copias
1046 804 1182 846 amisit
1206 805 1371 854 Laban‚
1400 805 1442 846 in
1465 805 1617 861 quibus

254 869 481 912 nascimur.
512 871 640 929 Vigor
658 873 778 915 datus
800 883 863 916 est
885 876 1036 917 mentis
1054 908 1064 924 ,
1093 884 1135 917 et
1153 876 1262 917 bona
1283 884 1454 918 moneta
1477 874 1619 932 imagi-

255 937 319 980 nis
342 938 419 980 Dei
447 949 490 982 et
523 941 836 993 similitudini53
861 945 958 1000 quia
985 945 1182 1001 spiritalis
1220 954 1404 987 moneta.
1442 944 1615 991 Amisit,

257 1009 354 1064 quia
378 1011 596 1067 splendida
623 1014 754 1070 magis
787 1015 929 1055 saeculi
959 1015 1115 1071 elegit,
1154 1030 1280 1071 quam
1304 1029 1401 1055 vera
1430 1022 1472 1055 et
1503 1013 1621 1054 utilia

257 1078 352 1120 vitae
379 1095 462 1121 sure
483 1097 491 1123 :
514 1097 696 1138 quorum
731 1084 859 1126 decor
890 1094 1109 1142 expertem
1150 1084 1389 1126 divinorum
1412 1083 1622 1124 bonorum

260 1151 471 1206 praeterit3
497 1153 697 1208 quoniam
729 1153 798 1197 ille
827 1170 916 1211 quae
935 1164 1057 1212 putat
1077 1155 1252 1211 pulchra
1272 1187 1282 1203 ,
1310 1155 1350 1195 in
1375 1153 1420 1195 iis
1445 1168 1487 1195 se
1520 1152 1625 1194 fallit

263 1219 399 1277 ipsum
422 1230 464 1264 et
484 1223 654 1281 decipit.
676 1225 795 1267 L'nde
815 1225 911 1267 audi
931 1225 1023 1282 ejus
1045 1226 1169 1266 verba
1186 1257 1195 1273 ,
1222 1233 1264 1266 et
1288 1223 1445 1280 judica.

322 1289 397 1332 XI.
426 1291 607 1336 Secutus
624 1303 818 1337 sanctum
839 1295 974 1337 Jacob
1000 1304 1041 1337 et
1059 1294 1164 1336 filias
1186 1309 1298 1342 suas3
1316 1309 1367 1335 ne
1391 1293 1498 1335 sorte
1516 1294 1627 1350 apud

267 1376 336 1403 eas
354 1377 527 1405 suorum
544 1363 743 1407 vitiorum
761 1365 966 1423 reperiret.
994 1366 1151 1422 aliquid
1167 1398 1177 1413 ,
1197 1373 1237 1407 et
1261 1363 1488 1406 revocandi
1511 1364 1563 1405 ad
1586 1379 1628 1404 se

267 1432 443 1475 haberet
481 1434 795 1484 auctoritatem,
839 1450 1071 1492 coarguens
1111 1435 1294 1491 justum,
1337 1449 1435 1476 cum
1467 1432 1630 1474 ratlene

270 1511 377 1543 esset
417 1504 707 1561 redargutus,
723 1514 764 1547 et
795 1505 900 1548 nihil
931 1506 1190 1563 respondere
1213 1520 1260 1547 ac
1283 1503 1440 1546 referre
1461 1511 1628 1561 posset,

271 1588 355 1630 quo
378 1589 476 1615 eum
501 1576 675 1618 deberet
692 1585 859 1618 tenere:
878 1595 892 1615 α
910 1577 953 1619 Si
973 1577 1285 1624 annuntiasses,
1314 1576 1476 1632 inquit,
1501 1575 1629 1622 mihi,

273 1661 288 1683 n
304 1645 535 1687 emisissem
556 1646 636 1688 te².
653 1665 667 1685 »
705 1648 751 1689 In
771 1663 852 1704 quo
876 1647 1062 1704 prodidit
1085 1648 1185 1704 quid
1208 1647 1344 1703 justus
1367 1646 1518 1703 sugerit
1535 1679 1546 1694 ,
1582 1661 1634 1687 ne

275 1729 373 1755 eum
395 1724 742 1772 prosequeretur,
767 1733 820 1760 ne
840 1718 1097 1767 deduceret,
1125 1717 1265 1760 netuli
1289 1716 1492 1759 comitatu
1514 1715 1636 1772 stipa-

278 1792 344 1826 tus
364 1787 627 1842 procederet.
650 1787 839 1829 Primum
859 1790 973 1844 quod
993 1790 1224 1830 multorum
1239 1787 1507 1829 dominorum
1523 1800 1637 1827 man-

279 1855 388 1912 cipio
407 1871 449 1897 se
471 1857 682 1913 subjicere
705 1873 789 1899 non
812 1859 978 1906 debuit3
1005 1867 1049 1900 ut
1074 1859 1124 1900 ab
1148 1873 1199 1900 eo
1224 1866 1423 1913 tanquam
1447 1853 1637 1898 servulus

279 1926 576 1969 dimitteretur.
607 1928 769 1970 Deinde
793 1929 889 1985 quia
905 1928 964 1970 vir
989 1928 1188 1971 exercitio
1227 1928 1410 1970 intentus
1446 1935 1486 1968 et
1524 1940 1639 1982 qute-

281 2011 377 2038 rens
400 2012 541 2039 veram
566 1997 674 2039 viam
695 1999 748 2041 ad
770 1999 969 2041 virtutem
983 1998 1201 2057 persequi,
1231 2012 1316 2039 non
1332 1995 1546 2038 hominem
1566 1995 1639 2036 de-

284 2068 520 2117 ductorem,
536 2070 607 2111 sed
627 2071 797 2112 oracula
816 2070 1005 2127 quaesivit
1028 2069 1224 2111 coelestia.
1254 2068 1358 2120 Quae
1377 2082 1465 2113 me,
1486 2065 1637 2122 inquit,

282 2137 384 2179 hinc
404 2147 698 2196 praeceperunt
727 2140 842 2182 abire
857 2173 868 2190 ‚
894 2149 935 2182 et
953 2155 1067 2182 nunc
1091 2140 1349 2181 comitantur
1369 2138 1568 2180 viantem.

345 2207 441 2250 XII.
474 2208 557 2250 Sed
581 2210 792 2265 quomodo
816 2225 882 2251 me
903 2210 1160 2252 dimisisses?
1187 2210 1251 2252 An
1271 2224 1367 2251 cum
1389 2207 1531 2250 laetitia
1554 2215 1640 2255 tua,

290 2292 381 2333 quae
412 2280 533 2334 plena
555 2287 618 2321 est
648 2280 972 2326 moestitudinis,
995 2296 1092 2322 cum
1116 2279 1327 2337 tympanis
1350 2278 1644 2332 scilicetatque

289 2350 453 2405 organis
474 2349 750 2392 immoderata
763 2351 1096 2399 modulantibus,
1111 2350 1275 2392 etsonis
1294 2349 1490 2391 tibiarum
1513 2345 1646 2389 suavi·

291 2419 372 2461 bus
386 2419 571 2461 insuavia
591 2421 907 2475 resultantibus,
922 2422 1034 2464 sonis
1049 2419 1478 2477 dissonis‚crepitibus
1497 2418 1648 2459 discre-

292 2490 513 2548 pantibus,
540 2491 713 2534 vocibus
740 2493 891 2540 mutis,
935 2493 1138 2550 cymbalis
1163 2492 1344 2536 animam
1370 2486 1647 2534 ferientibus?

340 2592 346 2605 ¹
370 2582 452 2614 Gen.
472 2593 563 2619 xxxi,
586 2584 634 2622 14.
655 2602 693 2607 —
712 2594 722 2608 ¹
741 2584 827 2618 Ibid.
845 2597 895 2626 27.
