1774 3158
249 215 331 258 266
787 226 817 252 s.
858 225 1050 254 ⁴mimosn

245 394 423 408 muts-,vs
430 392 610 405 vunnu-*tum
617 392 797 404 nxsnxzxms
806 393 898 404 xrs-«vs
910 394 920 403 ι
929 392 1107 403 §xxm—1³2„
1115 392 1171 403 Qus
1182 391 1598 403 mwstaemnwwmm

730 505 997 550 EPISTOLA
1031 498 1104 550 XI.

242 647 613 705 Imperatoribus,
640 647 748 702 quid
779 647 825 686 ἰη
851 645 1024 703 Synodo
1051 653 1201 686 actum
1237 640 1401 700 fuerit,
1426 638 1601 702 signifi-

303 729 433 770 σαφής
477 732 628 772 eosque
663 726 869 764 monent,
907 731 961 756 ne
999 714 1210 757 Urs-inum
1246 714 1333 757 sihi
1364 715 1601 772 patiantur

300 788 503 845 obrepere
518 820 527 835 ,
553 788 695 843 ipsum
718 785 951 827 tur-barum
968 794 1189 826 ccccc-torem
1206 799 1314 831 esse,
1329 799 1406 824 nee
1429 784 1602 824 nonin·

302 858 415 915 fitmt‘
453 859 642 899 crimine
669 866 918 898 acmesatum
945 866 1248 896 asseverantes.
1284 854 1456 910 Rogant
1480 853 1599 894 deni-

303 946 383 984 que
406 939 450 970 ut
470 928 660 970 Romani
681 928 812 979 cler-i,
842 943 893 968 ae
914 927 1050 969 simul
1073 927 1276 968 omnium
1296 925 1599 967 incolumitati

299 1015 429 1057 prosp
438 1001 452 1040 ι’
456 1000 586 1040 ciant.

244 1147 574 1205 Imperatoribus
596 1144 958 1192 clementissimis,
999 1151 1040 1185 et
1068 1143 1332 1202 principibus
1352 1141 1600 1184 christianis

302 1216 611 1275 gloriosissimis
645 1231 691 1257 ac
724 1214 975 1256 beatissimis
1008 1213 1211 1256 Gratiano
1227 1245 1236 1261 ,
1272 1211 1570 1255 Valentiniano
1587 1243 1598 1260 ,

299 1297 342 1331 et
359 1286 596 1330 Theodosio
617 1285 856 1328 Concilium
874 1318 883 1334 ,
909 1286 1023 1342 quod
1042 1283 1241 1326 convenit
1258 1282 1477 1339 Aquileiae.

301 1428 332 1470 Ι.
371 1427 579 1469 Pnovlsun
595 1432 656 1467 est
674 1424 872 1481 quidem,
899 1421 1219 1465 clementissimi
1243 1421 1480 1477 Principes,
1507 1435 1602 1462 ves-

242 1507 317 1541 troe
341 1495 656 1553 tranquillitatis
679 1494 871 1555 statutis,
897 1508 950 1535 ne
976 1492 1253 1536 Arrianorum
1278 1482 1453 1548 perfidia
1469 1488 1602 1548 possit

242 1569 419 1612 ulterius
442 1569 506 1609 vel
527 1569 680 1614 latere,
710 1567 774 1607 vel
793 1580 982 1622 serpere:
1007 1563 1163 1605 etenim
1182 1562 1381 1606 effectum
1422 1560 1600 1603 Concilii

243 1639 424 1684 decretis
446 1647 645 1696 putamus
673 1636 849 1678 minime
873 1634 1118 1676 defuturum
1141 1648 1266 1676 :nam
1307 1640 1512 1690 quantum
1550 1631 1601 1673 ad

241 1719 382 1769 partes
400 1717 560 1766 spectat
583 1706 853 1752 Occidentis,
877 1706 961 1747 duo
991 1712 1158 1746 tantum
1197 1701 1351 1761 reperti
1380 1709 1501 1749 sunt,
1528 1700 1602 1756 qui

248 1781 458 1822 auderent
499 1777 685 1836 profanis
709 1784 751 1818 et
773 1775 912 1833 impiis
955 1775 1130 1817 vocibus
1175 1773 1349 1816 obviare
1375 1771 1568 1814 Concilio
1586 1802 1598 1818 ,

244 1852 312 1894 vix
328 1851 528 1908 angulum
549 1847 741 1905 Ripensis
759 1846 899 1888 Daciae
921 1845 1093 1887 turbare
1116 1844 1322 1886 consueti.

301 1923 353 1964 II.
391 1921 520 1964 Aliud
545 1929 606 1961 est
634 1934 718 1975 quo
751 1917 882 1973 magis
925 1916 1141 1972 angimur,
1184 1916 1235 1957 de
1264 1929 1374 1971 quo,
1403 1912 1603 1970 quoniam

243 1992 517 2035 convenimus
535 2023 546 2038 ‚
572 1988 650 2030 suit
670 1988 748 2029 rite
771 1986 1065 2034 tractandum;
1103 2000 1156 2027 ne
1181 1993 1323 2042 posset
1343 1992 1476 2025 totum
1507 1997 1603 2024 cor·

242 2077 320 2119 pus
333 2061 531 2102 Ecclesiae
554 2067 641 2101 toto
666 2059 769 2099 orbe
787 2056 1004 2103 diffusum,
1026 2063 1067 2096 et
1086 2054 1277 2095 universa
1292 2053 1478 2094 turbare.
1495 2049 1600 2093 Nam

241 2133 342 2175 licet
362 2133 607 2188 frequenter
620 2127 944 2171 convenerimus
956 2126 1153 2167 Ursinum
1173 2125 1246 2180 (ιο
1259 2124 1298 2179 1)
1316 2138 1398 2164 non
1411 2122 1597 2179 potuisse

243 2204 448 2260 obrepere
471 2201 616 2258 pietati
640 2208 788 2241 vestrae
814 2197 1025 2253 (quamvis
1047 2195 1238 2252 quietum
1262 2193 1606 2251 nihilessepatia-

243 2283 335 2322 tur,
360 2282 402 2315 et
420 2273 530 2314 inter
554 2280 614 2312 tot
636 2270 809 2311 bellicas
831 2268 1102 2309 necessitates
1128 2267 1321 2322 obreptio
1359 2265 1602 2322 importuna

240 2345 655 2396 tentetur->tamenne
682 2348 824 2381 sancta
852 2346 1135 2383 mensvestra,
1162 2336 1374 2392 animique
1398 2335 1604 2390 tranquil·

243 2416 361 2461 litas,
387 2428 479 2470 quae
516 2411 714 2453 omnibus
739 2410 960 2451 consulere
986 2408 1133 2465 gestit,
1159 2407 1391 2464 importuni
1420 2405 1602 2448 hominis

244 2486 439 2529 simulata
478 2483 719 2525 adulatione
761 2481 981 2522 flectatur,
1014 2479 1305 2536 deprecandos
1329 2492 1398 2518 vos
1419 2484 1461 2518 et
1479 2476 1605 2519 obse-

238 2557 420 2602 orandos
436 2588 447 2604 ‚
487 2554 518 2597 si
550 2554 772 2611 dignanter
801 2551 977 2598 ducitis,
1015 2550 1296 2597 aestimamus,
1337 2562 1422 2590 non
1463 2547 1600 2589 solum
