1774 3158
330 252 405 280 102
870 251 899 276 S.
943 251 1131 277 ,nummu

324 331 375 373 de
407 346 481 372 suo
512 330 650 387 potius
677 329 769 386 jure
799 330 960 376 laxare,
995 344 1120 385 qnam
1152 329 1322 371 fratrem
1361 328 1401 369 in
1440 343 1511 370 sua
1550 341 1673 369 causa

324 401 619 443 verecundiam
647 401 861 442 sustinere.

383 471 624 514 XXXVIII.
663 471 761 512 Haec
794 479 854 512 est
881 470 1026 516 vobis,
1059 478 1210 510 sanctae
1245 469 1391 510 animae
1412 502 1420 516 ‚
1458 467 1678 509 haeroditas

327 542 549 599 pretiosior
570 541 765 582 fraternae
788 541 920 582 laudis
942 550 983 581 et
1005 540 1161 596 gloriae,
1180 540 1244 581 his
1262 554 1331 580 vos
1349 539 1440 595 pius
1458 538 1584 579 frater
1602 552 1681 578 no·-

331 613 500 654 biliores
528 620 570 653 et
593 611 764 653 ditiores
787 611 985 657 reddidit,
1012 611 1081 666 qui
1105 618 1229 666 capnt
1249 618 1433 651 vestrum
1459 624 1541 650 non
1564 623 1680 665 gem-

327 682 406 724 mis
424 683 645 729 onerabat,
660 683 732 723 sed
744 680 897 722 osculis
915 696 923 721 :
942 696 1093 722 manus
1107 691 1261 721 vestras
1277 694 1358 720 non
1377 687 1460 719 tam
1473 678 1681 734 rogalibus

330 752 545 794 ambiebat
568 752 816 808 insignibus,
846 766 971 805 quam
995 749 1263 808 imperatorio
1290 764 1361 790 ore
1387 748 1613 790 lambebat.
1635 748 1682 788 In

328 831 478 864 vestrae
502 822 642 863 fructu
665 821 895 878 praesentiae
927 835 1052 862 omne
1086 820 1268 877 ponebat
1290 818 1483 860 solatium
1499 849 1508 865 ,
1532 827 1578 858 ut
1604 831 1683 858 nec

327 891 461 948 ipsam
485 891 614 933 nimie
639 891 895 933 desideraret
919 905 1106 932 uxorem.
1136 890 1235 930 Ideo
1258 888 1424 945 nuptias
1447 886 1681 933 differebat,

332 961 426 1017 quia
446 962 539 1018 plus
561 975 659 1002 eum
682 969 828 1002 vestrae
852 961 991 1017 gratiae
1014 960 1212 1017 pascebat
1235 958 1421 1000 affectus.
1448 958 1546 999 Haec
1567 956 1683 998 vobis

335 1031 542 1073 desiderio
577 1031 776 1088 amplius,
810 1046 936 1088 quam
966 1030 1097 1072 dolori
1130 1030 1235 1076 sint;
1268 1037 1314 1069 ut
1345 1028 1524 1069 fraterna
1556 1027 1684 1084 gloria

335 1102 428 1157 plus
451 1100 614 1143 reficiat
638 1110 841 1149 mentem,
864 1117 987 1157 quam
1019 1102 1137 1142 dolor
1166 1107 1369 1156 torqueat.
1402 1097 1582 1140 Pascunt
1608 1096 1686 1138 sre-

331 1178 512 1226 quenter
529 1178 570 1212 et
589 1172 802 1228 lacrymae,
821 1179 861 1212 et
878 1179 1059 1212 mentem
1081 1172 1282 1212 allevant:
1299 1169 1420 1210 fletus
1438 1167 1687 1224 refrigerant
1732 1173 1737 1179 '

332 1247 496 1296 pectus,
520 1248 562 1282 et
583 1249 781 1282 moestum
808 1242 994 1282 solantur
1019 1239 1230 1282 affectum.

394 1309 603 1353 XXXIX.
639 1311 803 1353 Durum
829 1311 998 1367 quidem
1028 1310 1148 1351 sunus
1177 1308 1350 1355 videtis;
1384 1309 1456 1349 sed
1483 1307 1617 1348 stabat
1646 1314 1688 1347 et

337 1390 485 1424 sancta
514 1382 642 1424 Maria
674 1381 789 1438 juxta
824 1397 992 1424 crucem
1016 1381 1126 1427 Filii,
1158 1389 1198 1421 et
1228 1379 1444 1436 spectabat
1470 1378 1596 1434 Virgo
1624 1376 1686 1418 sui

337 1452 541 1509 unigeniti
558 1452 807 1509 passionem.
827 1452 1014 1494 Stantem
1031 1452 1141 1494 illam
1156 1452 1267 1507 lego,
1286 1449 1451 1491 flentem
1474 1464 1556 1490 non
1575 1450 1682 1505 lego.

339 1522 458 1564 Unde
475 1522 579 1563 dixit
597 1522 634 1564 ei
650 1522 779 1564 Filius
797 1538 806 1564 :
823 1522 1014 1570 «Mulier,
1035 1537 1135 1564 ecce
1153 1520 1262 1562 filius
1276 1529 1384 1562 tuus.
1409 1520 1460 1561 Et
1474 1518 1689 1576 Discipulo

335 1610 350 1631 »
367 1592 498 1634 dixit:
522 1592 634 1635 Ecce
673 1601 809 1635 mater
848 1593 965 1642 tua';
991 1613 1007 1631 n
1033 1592 1321 1635 haereditatem
1359 1590 1437 1632 illis
1475 1587 1689 1630 charitatis

337 1678 422 1705 suae
455 1671 498 1705 et
522 1664 664 1721 gratiae
696 1664 1004 1721 derelinquens.
1037 1664 1083 1705 In
1118 1678 1201 1720 quo
1237 1662 1370 1710 vobis,
1398 1660 1464 1718 pia
1496 1660 1687 1717 pignora,

336 1735 534 1792 quoniam
567 1734 742 1777 fratrem
775 1744 958 1776 vestrum
992 1750 1156 1777 servare
1193 1742 1365 1791 propter
1394 1748 1487 1774 mea
1518 1740 1690 1789 peccata

337 1820 422 1847 non
449 1805 605 1857 merui,
634 1804 831 1847 affectum
859 1813 1082 1862 paternum
1108 1805 1306 1847 exhibere
1335 1803 1537 1845 desidero.
1567 1802 1690 1843 Illum

336 1875 504 1918 intueor
526 1875 569 1917 in
594 1876 736 1924 vobis,
763 1876 881 1918 illum
903 1884 1048 1925 teneo,
1073 1876 1190 1918 illum
1217 1883 1319 1932 puto
1347 1890 1435 1916 esse
1458 1873 1562 1915 mihi
1585 1889 1692 1930 prac-

337 1954 521 1994 sentem3
542 1945 627 1987 imo
641 1954 871 2002 utrumque
892 1962 1160 2004 germanum,
1180 1962 1283 2004 quos
1301 1947 1413 1988 velut
1430 1947 1574 1987 oculos
1589 1944 1692 1986 mihi

336 2017 511 2059 effossos
543 2017 734 2059 arbitror.
763 2018 945 2060 Felicius
980 2019 1204 2075 episcopos
1235 2026 1545 2075 persequuntur
1570 2016 1694 2073 impe-

335 2095 520 2136 ratores,
558 2103 682 2144 quam
719 2089 912 2146 diligunt.
950 2090 1120 2141 Quanto
1152 2089 1255 2130 mihi
1290 2088 1455 2130 beatius
1491 2087 1692 2129 Maximus

336 2157 607 2199 minabatur?
626 2158 673 2198 In
695 2158 807 2200 illius
828 2159 927 2200 odio
949 2161 1038 2201 lans
1062 2167 1167 2206 erat,
1192 2159 1231 2199 in
1258 2159 1409 2200 horum
1437 2172 1577 2198 amore
1600 2172 1694 2212 sup-

336 2228 450 2286 plicii
474 2229 612 2271 feralis
626 2229 847 2272 haereditas
875 2230 981 2286 (57³.
1007 2230 1196 2276 Utinam,
1218 2229 1306 2277 lilii,
1327 2244 1401 2285 pro
1422 2229 1536 2270 vobis
1558 2228 1694 2270 licuis-

336 2306 398 2340 set
426 2298 540 2340 hunc
563 2299 754 2356 spiritum
777 2298 977 2341 fundere!
1006 2299 1313 2356 Compendinm
1344 2299 1496 2340 doloris
1523 2299 1693 2340 invene-

336 2383 424 2409 ram
438 2400 448 2416 ‚
477 2377 521 2410 et
546 2369 765 2425 gloriosius
784 2370 887 2411 mihi
904 2369 1045 2412 fuerat
1064 2384 1138 2426 pro
1156 2370 1281 2411 tantis
1297 2370 1414 2411 obire
1429 2368 1687 2427 pignoribus.

393 2437 488 2480 XL.
525 2437 608 2479 Sed
639 2439 691 2480 ad
717 2448 922 2487 vestram,
950 2448 1102 2482 sanciae
1129 2439 1248 2488 filiae,
1270 2440 1596 2483 consolationem
1625 2455 1694 2480 re-

332 2512 496 2557 vertar,
535 2510 723 2565 quamvis
754 2525 900 2553 rerum
931 2519 1140 2567 gestarum
1179 2512 1383 2554 acerbitas
1410 2512 1491 2553 vim
1525 2526 1694 2553 omnem

379 2597 385 2610 ¹
409 2586 513 2621 Joan.
529 2601 597 2628 xix,
617 2591 668 2630 26,
683 2602 732 2631 27.
