1774 3158
306 221 356 270 41
369 235 390 261 2
868 229 900 257 s.
941 227 1133 256 AMBRosn

306 319 397 353 tuto
427 309 546 351 redit.
576 308 684 350 Hinc
704 307 791 354 via,
817 307 915 349 inde
937 308 1057 348 ruina
1084 314 1160 347 est.
1188 306 1294 347 Hinc
1317 321 1537 355 aseensus,
1564 307 1661 349 inde

309 381 605 439 przrcipitium.
633 378 902 421 Ascendendi
925 378 1093 433 quidem
1113 377 1252 422 labor,
1285 378 1356 418 sed
1380 378 1663 419 descendendi

305 453 540 509 pericnlum
561 452 657 491 :sed
670 458 816 506 potens
835 457 895 490 est
916 449 1123 490 Dominus
1139 480 1148 495 ‚
1174 448 1245 503 qni
1270 456 1309 489 te
1335 448 1556 489 fundatum
1578 449 1661 489 illie

307 522 518 563 custodiat
531 529 694 576 septum
714 518 972 576 propheticis
986 518 1133 564 muris,
1147 518 1437 573 etapostolicis
1458 519 1653 558 turribus.

306 592 406 633 Ideo
441 591 516 632 tibi
548 590 650 631 dicit
690 589 896 631 Dominus
919 604 927 628 :
947 589 1151 635 «Intrate,
1176 589 1359 633 calcate,
1380 588 1475 642 quia
1511 587 1663 628 assistit

307 657 586 700 »vindemiak
608 658 754 698 »Intus
773 689 781 703 ,
804 671 887 698 non
912 657 1011 698 soris
1039 655 1182 696 simus.
1211 655 1261 695 Et.
1285 655 1327 694 in
1350 655 1574 707 Evangelio
1588 655 1663 695 Dei

308 728 437 770 Filius
480 728 583 769 dicit
608 741 649 768 :a
674 726 757 778 Qui
790 734 852 767 est
889 726 929 766 in
953 734 1088 771 tecto,
1116 739 1200 765 non
1223 724 1449 765 descendat
1472 739 1564 764 vasa
1591 738 1663 764 sua

307 798 525 840 »tollere².
548 799 670 841 »Non
693 798 838 853 utique
863 799 914 838 de
955 798 1035 838 hoe
1069 804 1182 837 tecto
1210 796 1332 844 dicit,
1371 796 1445 837 sed
1483 796 1534 837 do
1559 796 1628 838 illo
1651 811 1660 836 ε

320 889 335 906 α
358 869 555 911 Extendit
578 869 730 909 coelnm
751 868 860 908 sicut
884 865 1135 908 cameranff.
1155 885 1169 905 ι)

366 939 527 981 XXIII.
568 939 684 979 Intus
718 952 817 993 ergo
849 946 962 983 esto,
989 938 1097 978 intra
1132 937 1393 978 Hierusalem
1415 969 1424 984 ‚
1451 937 1558 978 intra
1581 937 1665 978 ani-

307 1025 421 1052 mam
459 1017 574 1050 tuam
618 1006 840 1064 pacificam
857 1039 868 1054 ,
910 1007 1058 1047 mitem
1099 1016 1222 1062 atque
1260 1008 1544 1062 tranquillam.
1573 1007 1664 1049 'Non

309 1094 430 1120 exeas
455 1079 506 1119 de
534 1093 581 1118 ea
599 1108 608 1124 ,
634 1092 772 1132 neque
791 1077 1020 1117 descendas
1040 1091 1108 1116 vas
1133 1085 1251 1116 tuum
1275 1077 1382 1117 istud
1400 1109 1409 1123 ‚
1437 1085 1508 1118 aut
1530 1077 1662 1118 hono·

306 1150 422 1190 ribus
439 1181 447 1195 ,
475 1156 545 1189 ant
569 1147 720 1188 divitiis
735 1180 745 1194 ‚
767 1154 838 1187 aut
856 1146 1092 1202 arrogantia
1111 1147 1316 1187 attollere.
1343 1147 1460 1187 Intus
1482 1155 1570 1187 esto
1589 1177 1598 1192 ‚
1619 1154 1667 1186 ut

309 1235 383 1275 per
405 1228 442 1259 te
465 1218 706 1273 alienigenae
739 1231 823 1257 non
858 1224 1094 1262 transeant,
1130 1225 1301 1272 peccata
1337 1216 1516 1256 animam
1549 1223 1665 1256 tuam

309 1303 391 1329 non
416 1295 654 1334 transeant,
685 1301 801 1326 vanae
825 1286 1088 1343 operationes
1110 1295 1150 1327 et
1192 1285 1466 1342 cogitationes
1492 1285 1663 1325 inanes:

311 1372 396 1399 non
422 1357 661 1398 transibunt
678 1364 818 1397 antem
835 1388 844 1403 ,
870 1356 902 1396 si
930 1355 1257 1396 sanctificaveris
1279 1356 1436 1395 bellun]
1453 1369 1527 1410 pro
1547 1355 1668 1395 devo-

309 1428 434 1469 tionis
457 1435 497 1468 et
519 1426 615 1468 fidei
631 1426 878 1474 certamine,
896 1441 971 1482 pro
995 1425 1179 1467 veritatis
1202 1426 1340 1466 studio
1360 1425 1557 1466 adversus
1580 1438 1668 1479 pas-

312 1499 475 1539 sionum
492 1497 711 1538 illecebras
732 1527 741 1543 ,
767 1506 808 1537 et
826 1496 1051 1553 sumpseris
1070 1510 1184 1536 arma
1207 1496 1281 1536 Dei
1305 1494 1524 1535 adversum
1544 1492 1667 1549 spiri-

309 1571 411 1610 tales
433 1569 640 1624 nequitias
660 1601 668 1615 ‚
693 1575 733 1608 et
753 1567 948 1608 astutiam
985 1566 1163 1613 diaboli,
1190 1566 1260 1621 qni
1283 1573 1493 1621 pertentat
1523 1578 1667 1604 sensns

311 1649 476 1689 nostros
509 1639 656 1680 frande
693 1652 742 1678 ac
764 1638 887 1684 (101ος
914 1651 1040 1692 quem
1066 1645 1309 1677 mansuetus
1342 1636 1521 1676 bellator
1546 1633 1668 1675 facile

308 1711 507 1768 proterit,
534 1709 604 1765 qni
624 1723 706 1750 non
724 1716 833 1749 serat
854 1707 987 1764 jurgia
1003 1740 1012 1754 ‚
1034 1709 1105 1748 sed
1119 1707 1229 1748 sicut
1252 1706 1372 1747 decet
1394 1720 1560 1747 servum
1580 1704 1668 1745 Do-

308 1783 434 1829 mini,
454 1797 552 1822 eum
575 1779 778 1820 modestia
795 1779 920 1820 fidem
938 1781 1111 1825 doceat,
1127 1787 1168 1820 et
1188 1793 1258 1819 eos
1284 1777 1354 1833 qni
1375 1765 1665 1823 adversantur,

309 1854 548 1908 redarguat.
587 1850 648 1891 De
682 1850 763 1890 hoe
795 1849 897 1890 dicit
925 1849 1141 1905 Scriptura
1165 1864 1206 1889 z«
1225 1848 1307 1899 Qui
1339 1855 1582 1888 mansuetus
1606 1853 1670 1886 est:

311 1925 521 1964 »bellator
554 1921 768 1977 exurgaff,
783 1939 797 1958 ιι
812 1929 853 1962 et
875 1919 1068 1961 infirmus
1086 1920 1197 1961 dicat
1219 1934 1259 1961 z«
1274 1918 1425 1961 Omnia
1440 1931 1610 1974 possum
1625 1915 1668 1957 in

311 2011 327 2032 ι»
341 2008 390 2033 eo
408 2025 417 2039 ,
442 1992 512 2047 qni
538 2006 605 2032 me
623 1993 834 2032 confortat
848 1990 878 2031 ⁵.
897 2009 911 2028 »

372 2062 529 2106 XXIV.
569 2063 657 2104 Hac
680 2062 763 2103 fido
786 2062 915 2103 srctns
933 2062 1057 2103 etiam
1082 2061 1153 2117 qui
1179 2059 1371 2101 infirmus
1395 2067 1479 2110 est,
1506 2072 1668 2115 praeva-

311 2135 438 2183 tebit,
469 2134 611 2176 eterit
648 2141 790 2174 sancta
832 2133 965 2174 anima
1003 2132 1094 2186 ejus
1111 2164 1119 2178 ‚
1145 2141 1185 2172 et
1204 2131 1422 2172 stillabunt
1443 2129 1481 2170 ei
1504 2137 1668 2170 montes

314 2204 584 2263 prophetieifi,
599 2206 665 2245 vel
683 2205 903 2261 apostolici
924 2202 1214 2249 dnlcedinem,
1237 2207 1277 2242 et
1293 2202 1420 2241 colles
1436 2199 1567 2240 ssnent
1585 2199 1665 2240 lae:

313 2278 445 2332 qualis
469 2278 537 2317 ille
560 2276 702 2324 collis,
741 2275 811 2328 qui
848 2275 964 2315 lactis
998 2283 1141 2330 pot-nn]
1181 2271 1410 2313 Corinthiis
1432 2269 1602 2317 dabat⁷3
1628 2277 1670 2310 et

311 2348 445 2390 ssnent
464 2362 579 2403 aqnae
604 2348 655 2388 de
678 2347 762 2387 suis
785 2346 889 2387 vasis
906 2379 915 2394 ,
942 2355 982 2387 et
1005 2346 1056 2386 de
1079 2355 1310 2401 puteorum
1335 2357 1507 2383 suorum
1541 2341 1670 2382 sonti-

305 2421 383 2461 bus
418 2434 426 2459 :
463 2419 526 2459 vel
563 2418 613 2459 de
647 2426 794 2459 ventre
827 2416 917 2472 ejus
943 2431 1059 2472 aqnae
1085 2417 1185 2457 vivae
1205 2447 1215 2463 ,
1242 2414 1449 2471 spiritales
1473 2410 1668 2452 videlicet

350 2531 358 2546 ¹
380 2523 465 2554 J÷›‹“³l.
486 2533 533 2555 ιιι,
556 2523 591 2553 13
628 2541 664 2546 -
682 2532 692 2545 ¹
712 2522 787 2552 [κιο.
806 2532 885 2560 xvii,
902 2522 954 2552 ἧι.
976 2539 1015 2543 —-
1038 2521 1084 2558 34
1106 2520 1196 2551 E÷‹h·.
1218 2531 1283 2552 xvi.
1299 2518 1395 2550 60.-
1417 2522 1427 2544 ⁴
1446 2515 1526 2548 Joet.
1549 2525 1598 2554 ιιι,
1618 2525 1636 2556 9
1652 2536 1660 2544 .

307 2594 345 2600 —
362 2579 374 2600 ⁵
393 2577 510 2619 Philip.
529 2587 569 2611 iv.
591 2576 638 2608 ιζ’).
657 2594 696 2600 -
712 2577 726 2596 ⁶
741 2577 826 2608 Joel.
846 2588 896 2614 ιιι,
917 2576 965 2608 18.
984 2593 1022 2599 —-
1042 2582 1052 2603 7
1074 2576 1181 2608 tCor.
1201 2584 1252 2612 ιιι,
1273 2584 1300 2604 2.
