1774 3158
296 247 375 296 240
836 257 867 284 ε.
908 257 1098 285 Aiissnosn

292 336 481 378 Christus
497 334 626 378 Filius
643 334 720 376 Dei
743 349 913 378 carnem
940 336 1145 393 suscepit,
1178 343 1218 378 et
1245 351 1318 393 pet·
1341 351 1509 379 carnem
1532 352 1641 380 mor-

292 416 386 448 tuus
414 415 489 448 est.

349 477 594 519 Ambrosius
616 476 835 534 episcopus
858 477 959 519 dixit
981 492 989 518 :
1011 477 1224 534 Scriptum
1239 487 1300 520 est
1319 477 1532 520 Christum
1553 494 1645 536 pas-

289 562 393 588 sum.
435 546 678 588 Secundum
723 562 893 588 carnem
942 547 1077 603 igitur
1120 562 1264 604 passus
1298 556 1382 595 est,
1409 550 1640 590 secundum

291 617 561 660 Divinitatem
584 617 708 660 habet
735 618 1110 660 immortalitatem.
1156 618 1242 660 Hoc
1279 618 1350 675 qui
1382 627 1530 676 negat,
1560 620 1643 662 dia-

292 688 414 730 bolus
437 697 511 730 est.

352 758 558 801 Palladius
583 758 806 815 dixit2Ego
835 759 1004 802 Arrium
1030 774 1118 800 non
1141 759 1250 800 novi.

355 829 509 872 XXVI.
548 830 793 871 Ambrosius
811 830 1032 886 episeopus
1051 830 1182 871 dixit:
1202 830 1310 886 Ergo
1325 830 1433 871 male
1455 829 1557 871 dixit
1572 828 1646 872 Ar-

297 901 381 942 rius
397 934 406 950 ‚
427 915 523 942 cum
546 900 670 941 etiam
693 900 821 942 Filius
844 900 918 942 Dei
941 900 1097 942 habeat
1123 901 1480 943 immortalitatem
1505 915 1650 942 secun-

298 972 398 1013 dum
421 971 704 1013 Divinitatem.
733 971 782 1012 Et
806 971 965 1012 addidit
987 986 994 1011 :
1015 971 1129 1013 Bene
1157 971 1262 1013 dixit
1279 987 1378 1030 ergo
1394 1007 1402 1020 ,
1429 987 1479 1013 an
1501 972 1609 1014 male
1631 970 1649 1012 P

353 1043 559 1085 Palladius
582 1043 683 1083 dixit
705 1058 713 1083 :
735 1041 825 1084 Non
844 1043 1076 1084 consentio.

356 1113 604 1155 Ambrosius
634 1112 855 1169 episcopus
894 1112 995 1153 dixit
1020 1128 1028 1153 :
1057 1112 1133 1153 Cui
1161 1127 1246 1154 non
1278 1099 1520 1155 consentis?
1543 1113 1650 1155 Ana-

299 1184 440 1226 thema
468 1184 546 1233 ilii,
572 1183 641 1239 qui
665 1198 748 1224 non
771 1183 952 1240 explicat
970 1182 1067 1224 fidei
1092 1183 1346 1225 libertatem.

359 1253 517 1296 Omnes
540 1254 725 1311 episcopi
747 1253 966 1294 dixerunt:
984 1253 1231 1295 Anathema.

358 1326 565 1368 Palladius
589 1325 691 1367 dixit
717 1340 725 1366 :
751 1324 887 1367 Dicite
905 1325 1019 1380 quod
1055 1324 1177 1365 vultis
1197 1356 1206 1372 ‚
1236 1323 1327 1380 ejus
1351 1331 1411 1365 est
1451 1323 1653 1366 Divinitas

300 1395 561 1439 immortalis.

358 1467 606 1510 Ambrosius
627 1466 848 1523 episcopus
871 1464 974 1507 dixit
999 1480 1007 1505 :
1035 1464 1188 1521 Cujus,
1213 1463 1345 1505 Patris
1361 1495 1372 1512 ‚
1398 1478 1449 1504 an
1472 1471 1514 1505 et
1532 1463 1654 1505 Filii?

300 1537 353 1582 Et
377 1538 536 1581 addidit
562 1537 740 1580 :Multas
773 1535 1008 1593 impietates
1037 1535 1245 1591 congessit
1267 1533 1427 1576 Arrius.
1476 1532 1561 1576 Sed
1604 1533 1656 1574 ad

302 1611 667 1653 aliatranseamns.

362 1680 539 1724 XXVII.
565 1679 617 1721 Et
638 1678 862 1721 recitatum
888 1676 1137 1719 est:Solum
1163 1676 1410 1733 sapientem.

360 1750 568 1794 Palladius
595 1750 697 1792 dixit
722 1765 730 1791 :
761 1749 882 1791 Pater
900 1763 920 1790 a
944 1763 986 1791 se
1006 1747 1111 1805 sapit
1136 1762 1144 1788 :
1168 1747 1298 1790 Filius
1327 1755 1466 1788 autem
1491 1745 1654 1803 sapiens

303 1836 387 1864 non
409 1830 482 1864 est.

362 1892 611 1936 Ambrosius
627 1891 850 1949 episcopus
866 1890 968 1932 dixit
988 1907 996 1932 :
1018 1890 1126 1947 Ergo
1143 1890 1272 1931 Filius
1295 1903 1377 1930 non
1394 1895 1455 1929 est
1473 1887 1652 1945 sapiens,

305 1980 400 2007 cnm
427 1965 513 2022 ipse
535 1964 586 2005 sit
605 1961 950 2020 sapientiaPNanl
974 1969 1015 2003 et
1037 1976 1112 2004 nos
1140 1960 1343 2009 dicimus,
1365 1959 1460 2016 quia
1474 1974 1524 2001 ex
1536 1957 1656 2000 Patre

305 2047 426 2082 natus
449 2046 510 2079 est
531 2035 675 2079 Filius¹
693 2065 702 2076 .

365 2108 570 2149 Eusebius
593 2106 813 2163 episcopus
838 2104 966 2146 dixit:
988 2104 1060 2146 Est
1079 2102 1234 2159 aliquid
1253 2109 1336 2143 tam
1355 2100 1529 2158 impium
1545 2134 1556 2150 ,
1570 2111 1656 2144 tam

305 2178 526 2235 profanum
541 2209 551 2224 ‚
577 2189 700 2232 quam
714 2175 828 2230 quod
839 2173 942 2216 dixit
956 2189 964 2214 ε
979 2173 1209 2230 sapientem
1222 2171 1376 2213 Filium
1393 2171 1470 2213 Dei
1482 2171 1656 2229 negare?

367 2246 573 2289 Palladius
598 2243 723 2287 dixit:
740 2242 951 2301 Sapientia
974 2242 1146 2292 dicitur,
1163 2241 1255 2299 quis
1273 2248 1391 2297 potes
1409 2241 1656 2298 sapientiam

307 2317 543 2375 denegare?

364 2387 611 2431 Ambrosius
621 2386 843 2444 episcopus
861 2385 987 2427 dixit:
1005 2384 1179 2443 Sapiens
1195 2393 1280 2436 est,
1306 2400 1357 2427 an
1375 2383 1487 2427 non?

363 2459 571 2502 Palladius
595 2458 696 2500 dixit
717 2473 724 2499 :
749 2457 961 2515 Sapientia
984 2465 1058 2499 est.

348 2582 360 2606 ι
381 2585 392 2605 1
412 2574 488 2606 Cor.
507 2584 531 2613 ι,
550 2573 600 2611 24.
