1774 3158
338 181 415 221 162
874 192 905 216 S.
949 190 1137 217 Aiilmosu

332 268 516 312 Orientis
531 267 564 316 ¹,
586 268 755 324 quodea
776 281 868 323 quae
886 266 1020 323 primo
1041 266 1188 306 tradita
1202 275 1331 307 sunta
1350 267 1578 323 majoribus
1592 281 1684 309 nos-

332 342 426 388 tris,
453 340 553 380 dum
577 337 692 395 quasi
720 336 866 378 fraude
890 337 983 384 alii,
1008 336 1075 377 alii
1099 335 1313 392 diligentia
1335 370 1344 385 ,
1372 337 1517 379 fraude
1547 338 1682 380 haere-

331 410 433 457 tici,
459 408 671 464 diligentia
699 406 920 454 catholicig
955 407 1053 447 dum
1088 420 1186 461 ergo
1221 407 1278 447 illi
1303 406 1595 449 fraudulenter
1615 423 1683 450 co-

331 487 486 521 nantur
512 479 696 534 irrepere-
711 510 722 526 ,
743 477 994 518 addiderunt
1012 475 1124 531 quod
1147 490 1230 517 non
1254 491 1357 533 opus
1379 485 1463 525 est3
1495 477 1595 519 dum
1616 478 1682 520 isti

330 551 520 592 fraudem
545 563 782 606 praecavere
809 547 1100 594 contendunt,
1121 545 1216 587 finis
1240 547 1450 603 majorum
1466 550 1580 591 velut
1599 550 1683 606 pie-

331 630 416 664 tate
436 620 617 676 quadam
635 627 679 660 et
701 617 864 660 incuria
891 617 1089 658 videntur
1110 631 1199 657 esse
1220 619 1513 675 praetergressi.

389 680 465 733 111ss
477 691 585 748 Ergo
597 688 785 745 Apostoli
797 686 930 728 sancti
940 686 1235 728 convenientes
1248 687 1685 745 feceruntsymbolum

331 763 530 804 breviter.
550 760 719 816 Signate
736 773 820 799 vos.
846 757 942 808 Quo
956 756 1065 797 facto
1079 789 1089 804 ,
1110 765 1151 797 et
1167 757 1278 811 dicto
1300 758 1491 814 symbolo
1511 776 1521 807 ;
1548 759 1589 800 in
1603 759 1684 801 hoc

331 833 522 889 symbolo
544 829 748 873 Divinitas
778 827 993 869 Trinitatis
1025 834 1191 868 aeternae
1225 827 1536 871 evidentissime
1567 844 1707 872 com·.

332 903 537 960 prehensa
562 909 624 943 est
642 900 765 941 unius
791 897 1059 955 operationis.
1088 897 1278 939 «Patrem
1304 905 1344 940 et
1359 898 1512 941 Filium
1536 909 1578 942 et
1598 899 1690 957 Spi-

333 993 347 1011 n
363 973 491 1014 ritum
519 978 735 1017 sanctum,
758 987 772 1006 ι)
797 968 878 1009 hoc
901 975 988 1015 est,
1028 967 1312 1008 venerabilem
1336 967 1599 1010 Trinitatem.
1635 969 1687 1011 Et

331 1044 446 1100 quod
464 1041 567 1083 fidos
590 1048 731 1081 nostra
755 1038 810 1080 ita
833 1039 911 1085 sit,
939 1046 987 1079 ut
1013 1036 1105 1093 pari
1127 1052 1282 1094 genere
1313 1039 1534 1080 credamus
1552 1039 1594 1081 in
1615 1039 1687 1081 Pa-

332 1123 441 1155 trem
464 1121 506 1154 et
525 1111 683 1153 Filium
712 1117 753 1151 et
778 1109 981 1173 Spiritum
1004 1116 1211 1149 sanctum.
1239 1108 1319 1150 [bi
1342 1110 1455 1151 enim
1473 1111 1588 1152 nulla
1609 1111 1688 1152 dis-

334 1185 465 1226 cretio
482 1180 709 1239 majestatis
726 1189 808 1227 est,
824 1194 901 1220 nec
920 1178 1019 1220 fidei
1043 1178 1167 1220 debet
1183 1193 1272 1219 esse
1296 1179 1504 1221 discretio.
1526 1181 1687 1223 Deinde

333 1257 574 1312 frequenter
596 1251 822 1298 admonui,
849 1251 963 1306 quod
988 1249 1195 1290 Dominus
1228 1257 1371 1291 noster
1401 1249 1521 1292 Jesus
1544 1251 1689 1294 Chris-

334 1338 399 1368 tus
421 1325 551 1367 Filius
570 1323 648 1364 Dei
669 1323 780 1363 solus
800 1335 972 1362 carnem
995 1320 1115 1361 istam
1135 1321 1318 1377 suscepit
1331 1321 1518 1378 corporis
1535 1321 1681 1365 forma.

337 1395 533 1454 Corporis
551 1394 668 1435 istius
685 1391 862 1433 veritate
884 1390 1019 1433 factus
1037 1399 1099 1431 est
1121 1402 1167 1431 ut
1196 1391 1349 1439 homo;
1375 1393 1448 1433 sed
1464 1392 1592 1435 habet
1609 1393 1689 1436 sin—

338 1468 482 1524 gulare
504 1463 770 1523 privilegium
793 1461 1075 1518 generationis
1100 1476 1183 1502 suae
1225 1477 1234 1501 t
1269 1477 1353 1502 non
1376 1462 1488 1504 enim
1510 1478 1560 1506 ex
1581 1464 1691 1507 virili

336 1547 458 1580 natus
477 1545 539 1578 est
563 1534 742 1581 semine,
769 1533 841 1574 sed
857 1565 866 1580 ‚
886 1531 1144 1573 «Generatus
1163 1531 1343 1588 Spiritu,
1367 1532 1524 1589 inquit,
1545 1545 1690 1578 sancto

337 1623 417 1649 »ex
432 1605 560 1648 Maria
581 1604 754 1661 virgine.
773 1601 1121 1658 »Praerogativam
1139 1601 1321 1642 auctoris
1346 1601 1524 1644 coelestis
1548 1617 1691 1659 agnos·

337 1678 420 1726 cis;
445 1676 578 1718 factus
597 1674 767 1731 quidem
789 1681 836 1714 ut
854 1673 983 1713 homo
997 1704 1007 1719 ,
1033 1680 1079 1713 ut
1097 1670 1362 1713 infirmitates
1380 1681 1543 1714 nostras
1559 1673 1599 1714 in
1617 1688 1690 1716 sua

337 1763 464 1790 carne
505 1746 759 1802 susciperet,
808 1743 882 1784 sed
919 1757 1017 1783 cum
1049 1741 1267 1799 privilegio
1309 1743 1440 1785 venit'
1462 1744 1691 1801 majestatis

337 1827 516 1860 aeternae.
544 1817 653 1873 Ergo
671 1815 860 1856 dicamus
885 1812 1143 1869 symbolum.
1174 1812 1360 1867 (Etcum
1380 1813 1571 1863 dixisset,
1592 1814 1691 1858 hinc

337 1887 598 1946 complevit.)
626 1886 715 1927 Hoc
738 1884 868 1925 hahet
893 1882 1116 1940 Scriptura
1144 1883 1296 1926 divina.
1332 1884 1546 1941 Numquid
1567 1901 1692 1944 supra

337 1959 636 2019 Apostolorum
648 1955 753 1998 fines
776 1954 975 2012 progredi
988 1954 1135 1996 audaci
1153 1964 1295 1997 mente
1313 1955 1543 1998 debemus?
1561 1957 1693 1999 Num.

339 2031 441 2088 quid
461 2045 535 2071 nos
560 2042 703 2070 sumus
732 2025 949 2082 Apostolis
974 2024 1211 2066 cautiores?

370 2098 648 2143 IV.Seddicis
661 2096 785 2145 mihi,
802 2104 946 2152 postea
961 2104 1225 2137 emerserunt
1241 2095 1431 2138 haereses.
1444 2097 1558 2148 Quid
1571 2097 1692 2156 ergo?

336 2171 432 2214 vide
475 2167 787 2225 simplicitatem
805 2197 814 2211 ,
854 2165 948 2207 vide
991 2165 1229 2221 puritatem.
1266 2165 1557 2223 Patripassiani
1594 2184 1692 2213 cum

334 2241 633 2286 emersissent,
657 2243 917 2294 putaverunt
938 2235 1064 2277 etiam
1097 2235 1303 2277 Catholici
1322 2235 1362 2277 in
1385 2235 1463 2278 hac
1484 2247 1602 2294 parte
1625 2241 1694 2283 ad.

334 2314 522 2357 (lendum
543 2330 557 2348 ι
582 2306 841 2350 Invisibilem
863 2313 903 2347 et
927 2305 1228 2362 impassibilem
1249 2340 1258 2353 ,
1273 2323 1288 2343 n
1323 2307 1440 2362 quasi
1463 2306 1592 2352 Filius
1615 2311 1692 2360 Dei

331 2383 505 2428 visibilis
533 2389 574 2422 et
598 2377 803 2437 passibilis
822 2376 961 2418 fuerit.
991 2376 1034 2418 Si
1056 2375 1134 2418 suit
1154 2376 1330 2417 visibitis
1353 2376 1394 2418 in
1413 2392 1560 2429 earne,
1595 2397 1692 2425 caro

329 2459 399 2501 illa
422 2454 502 2498 suit
520 2451 713 2497 visibilis,
742 2463 826 2491 non
846 2448 1062 2491 Divinitas.
1097 2447 1287 2504 Denique
1305 2448 1548 2504 quiddicat,
1570 2455 1689 2498 audi:

370 2559 377 2575 ι
401 2549 463 2581 Par
478 2543 638 2578 sententia
657 2546 703 2574 est
721 2540 805 2585 apud
824 2539 975 2572 Rufinum
991 2549 1104 2570 comm.
1130 2538 1162 2570 in
1182 2538 1381 2582 Symbolum.
