1774 3158
345 252 395 290 {92
887 248 919 275 S.
961 245 1149 273 Amuliusll

340 326 501 368 nitendi
519 324 732 367 consessus
751 324 918 371 affectu,
940 325 1001 364 vel
1021 320 1255 377 corrigendi
1276 328 1485 362 aversatus
1503 320 1681 377 ingenio.

342 388 424 437 Sed
446 395 545 437 huic
567 410 664 436 cum
688 394 876 451 plurimis
894 393 1021 434 veuiae
1042 392 1216 433 societas
1242 392 1500 438 emerendae3
1522 391 1690 447 plurimi

342 464 453 506 enirn
477 472 571 504 sunt
595 463 664 519 qui
687 478 730 504 se
747 478 766 504 a
788 462 971 519 peccatis
990 469 1031 502 et
1048 461 1210 502 lubrico
1233 460 1463 516 juventutis
1486 460 1524 500 in
1543 474 1691 500 senoc-

343 542 431 574 tute
470 547 666 574 revocare
698 539 927 589 potuerunt
952 545 961 571 :
998 545 1114 570 rarus
1143 539 1280 571 autom
1315 529 1383 584 qui
1408 530 1447 570 in
1473 529 1691 585 juveutute

342 617 465 659 grave
488 602 633 659 jugum
658 603 762 644 seria
792 601 999 643 sobrieate
1021 601 1257 656 portaverit‘
1290 600 1379 641 Iloc
1406 608 1468 640 cst
1493 599 1594 640 illud
1625 599 1692 654 ju-

337 686 462 728 gum,
488 673 539 713 de
562 687 643 727 quo
676 671 878 713 Dominus
911 670 950 710 in
982 669 1205 725 Evangelio
1231 670 1316 709 ait:
1341 687 1354 706 «
1376 669 1520 711 Venite
1545 670 1594 710 ad
1625 684 1692 709 me

341 756 537 789 »omnes,
568 742 638 797 qui
670 741 893 788 laboratis,
929 748 968 781 et
994 739 1153 781 onerati
1178 740 1274 780 estis
1296 774 1303 786 ‚
1329 747 1370 780 et
1398 754 1474 795 ego
1505 754 1574 780 vos
1595 737 1694 779 refi-

343 812 479 853 »ciam
513 828 521 853 :
555 812 688 854 tollite
721 813 868 869 jugum
900 826 1042 852 meum
1080 825 1205 867 super
1243 811 1355 852 vos'.
1382 829 1396 849 n
1423 810 1464 851 Si
1487 811 1578 866 quis
1596 825 1694 867 ergo

345 890 568 939 antequam
589 883 703 940 gravi
730 890 928 924 oneretur
952 889 1223 938 peccatorum
1255 880 1440 930 sarcina,
1468 881 1610 922 tulerit
1628 880 1696 936 ju·
1719 874 1727 877 ⁷

343 966 441 1007 gum
465 951 773 1008 injuventute,
806 951 1071 1008 singulariter
1100 951 1263 992 sedebit
1293 966 1301 991 :
1330 965 1412 991 non
1441 965 1537 992 cum
1565 950 1697 1006 pluri-

345 1022 422 1062 mis
447 1022 726 1063 conserendus
744 1055 754 1069 ,
781 1023 854 1064 sed
880 1037 978 1063 cum
1001 1021 1072 1063 illo
1102 1021 1171 1077 qui
1195 1028 1329 1077 potest
1356 1020 1496 1062 dicere
1518 1035 1527 1060 z
1552 1037 1566 1057 «
1585 1020 1697 1070 Quo-

348 1108 363 1129 »
377 1091 488 1132 niam
514 1100 558 1132 tu
580 1091 847 1148 singulariter
868 1091 909 1132 in
933 1106 1004 1147 spe
1028 1089 1281 1132 constituisti
1307 1089 1412 1132 me2.
1435 1108 1450 1128 »

403 1160 478 1202 XI.
519 1159 602 1201 Sed
642 1161 749 1201 forte
792 1161 906 1202 dicas
932 1175 941 1201 z
976 1160 1201 1211 Quomodo
1244 1159 1391 1216 jugum
1423 1174 1547 1215 grave
1596 1158 1700 1200 dicit

348 1230 579 1273 Hieremias
600 1263 610 1279 ,
643 1246 740 1273 cum
780 1231 820 1272 in
857 1230 1083 1287 Evangelio
1131 1230 1336 1272 Dominus
1371 1230 1547 1271 dixerit:
1585 1247 1600 1267 α
1627 1227 1700 1270 Ju-

349 1315 447 1355 gum
499 1315 641 1342 meum
689 1316 813 1343 suave
837 1334 846 1348 ‚
889 1309 928 1342 et
971 1315 1077 1341 onus
1114 1315 1255 1341 meum
1299 1301 1390 1341 leve
1432 1307 1493 1340 est
1514 1297 1525 1318 ³
1551 1298 1602 1339 Ρ»
1639 1297 1700 1340 Ac

349 1370 484 1426 primo
523 1372 661 1420 disce,
693 1373 789 1428 quia
822 1371 993 1413 Graecus
1026 1388 1041 1408 α
1069 1371 1221 1426 Jugum
1256 1388 1270 1407 υ
1304 1369 1596 1410 tantummodo
1632 1384 1702 1424 po-

348 1440 429 1480 suit.
453 1442 555 1496 (50),
578 1456 663 1482 non
686 1441 879 1483 addidit«
903 1441 1052 1482 Grave.
1076 1458 1089 1478 n
1113 1440 1272 1482 Tamen
1304 1447 1345 1479 et
1372 1438 1475 1479 illud
1509 1439 1699 1486 adverte,

352 1509 447 1564 quia
479 1511 555 1552 etsi
582 1511 640 1552 ita
667 1520 776 1553 esset
797 1511 838 1552 in
868 1510 1087 1558 Threnis‘'‚
1121 1510 1163 1551 in
1185 1509 1409 1565 Evangelio
1436 1517 1577 1550 tamen
1600 1507 1704 1548 adu<

350 1594 477 1635 »gum
512 1595 636 1622 suave
660 1600 673 1619 υ
699 1580 824 1628 dixit,
858 1589 899 1622 et
923 1599 936 1618 α
963 1580 1079 1622 Onus
1118 1581 1229 1627 leve,
1251 1598 1265 1616 »
1290 1579 1378 1620 Nor·
1416 1578 1562 1635 jugum
1594 1579 1696 1619 leve.

351 1649 491 1691 Potest
520 1652 631 1692 enim
662 1666 786 1708 grave
817 1651 964 1708 jugum
1000 1650 1126 1693 Verbi
1154 1665 1267 1697 csso,
1299 1650 1371 1689 scd
1394 1662 1549 1690 suave:
1580 1663 1704 1705 grave

353 1719 634 1768 adolescenti,
660 1736 783 1777 grave
807 1720 972 1776 juveni,
1003 1719 1124 1775 cujus
1151 1728 1250 1761 aetns
1271 1728 1332 1760 cst
1351 1718 1633 1759 florulentior:
1661 1726 1705 1759 ut

354 1790 460 1832 nolit
483 1790 583 1847 jugo
611 1790 739 1833 Verbi
766 1791 1075 1847 subjiciendam
1105 1789 1231 1831 animi
1261 1791 1448 1846 praebere
1478 1789 1698 1830 cervicem.

352 1860 492 1902 Potest
516 1869 558 1902 et
586 1876 710 1917 grave
739 1860 866 1903 Verbi
895 1861 1043 1917 jugum
1077 1860 1206 1901 videri
1233 1868 1405 1916 propter
1437 1874 1562 1900 onera
1587 1858 1705 1900 disci-

356 1930 476 1986 plinae
499 1963 508 1979 ,
543 1931 829 1973 austeritatem
868 1931 1140 1973 correctionis
1163 1963 1173 1979 ,
1208 1932 1373 1987 pondus
1409 1929 1670 1972 abstinentiae
1691 1961 1701 1977 ,

357 2001 751 2058 restrictionemque
784 2001 985 2050 lasciviae3
1020 2016 1144 2042 suave
1177 2009 1314 2041 tamen
1339 2015 1428 2041 esse
1451 1999 1586 2041 fructu
1619 2014 1708 2055 gra·

359 2071 446 2119 tiae,
479 2087 551 2128 spe
593 2072 944 2114 remunerationis
986 2080 1178 2119 aeternae,
1214 2070 1392 2127 purioris
1437 2069 1707 2111 conscientia:

357 2140 569 2183 suavitate.
598 2142 756 2183 Tamen
780 2141 924 2198 jugum
951 2141 1212 2183 Verbisuave
1231 2140 1351 2188 dixit,
1378 2155 1482 2181 onus
1505 2139 1708 2181 obedien-

359 2212 425 2252 tiae
463 2211 578 2259 leve;
606 2211 805 2267 quoniam
837 2212 873 2252 oi
906 2212 976 2267 qni
1007 2211 1152 2268 jugum
1184 2210 1307 2251 Verbi
1336 2210 1510 2266 patienti
1545 2209 1708 2251 cervice

359 2281 614 2337 susceperit,
641 2281 869 2338 disciplinae
895 2297 999 2323 onus
1023 2296 1145 2337 grave
1168 2295 1255 2321 csse
1278 2295 1360 2320 non
1385 2279 1548 2335 poterit.

413 2351 509 2392 XII.
550 2351 630 2401 Qui
655 2366 752 2407 ergo
783 2351 925 2392 tulerit
944 2367 965 2392 a
990 2351 1210 2407 juventute
1244 2350 1411 2406 jugum,
1445 2349 1709 2406 singulariter

355 2421 542 2469 sedebit,
572 2430 613 2463 et
636 2422 793 2470 silebit,
820 2424 999 2464 revelata
1022 2422 1098 2463 sibi
1124 2422 1310 2478 gaudens
1340 2421 1490 2461 divinae
1509 2434 1708 2461 remune-

405 2520 413 2533 ¹
438 2511 555 2543 matun.
584 2523 627 2548 Μ,
661 2514 712 2550 23,
739 2523 788 2553 29-
804 2531 843 2535 —
870 2523 880 2536 ·
899 2513 979 2545 Psul.
1015 2523 1057 2551 iv,
1078 2523 1122 2543 10.
1140 2531 1179 2535 —
1200 2513 1213 2535 ³
1232 2510 1350 2543 Matth.
1367 2521 1410 2545 xi,
1432 2522 1480 2552 29-
1496 2528 1533 2533 —
1555 2514 1564 2534 ⁴
1585 2509 1709 2542 Tlmn.

358 2577 396 2597 ui
413 2588 422 2604 ,
444 2577 490 2607 27.
