1774 3158
486 298 766 327 EPISTOLARUM
799 297 955 326 CLASSIS
989 299 1014 324 1.
1356 298 1434 340 109

95 375 277 417 animum
309 383 539 431 occupant;
573 390 625 416 ne
655 374 847 432 probatio
877 373 1165 422 desideretur,
1202 383 1248 416 ut
1287 388 1433 416 rumor

94 460 169 502 pro
187 445 381 487 convicto
403 454 594 487 teneatur
616 445 804 487 crimine.

153 517 220 562 IV.
257 518 339 561 Nos
380 518 505 575 igitur
543 526 830 560 accusatorem
867 517 1107 573 exegimus,
1144 526 1186 558 et
1219 525 1435 577 auctorem

91 588 217 630 totius
239 604 372 631 scenae
388 584 614 630 Maximum
638 588 949 645 perurgendum
975 587 1162 628 arbitrati
1185 602 1342 629 sumus.
1365 588 1438 628 Ve-

92 673 185 699 rum
206 658 273 699 ille
296 658 604 700 accusationem
620 690 630 705 ,
654 671 780 713 quam
806 657 945 698 studio
970 656 1286 704 informaverat,
1309 656 1437 696 verbo

95 729 326 776 detulerat,
345 728 527 770 deseruit
549 727 829 784 professione;
850 735 891 768 et
910 735 1046 768 tamen
1066 726 1217 767 affectu
1237 726 1410 781 urgebat
1427 758 1436 772 ,

93 808 181 841 arte
203 799 486 855 exequebatur
512 813 520 838 ε
549 799 623 839 sed
651 797 836 854 fugiebat
868 797 1062 844 nomine,
1092 797 1207 852 quod
1231 795 1438 837 diffideret

93 868 342 924 probationi.
355 867 545 925 Denique
563 867 712 923 sparsis
737 866 979 907 rumoribus
992 899 1001 914 ,
1018 865 1090 906 sed
1112 865 1236 906 etiam
1254 865 1441 921 epistolis

95 937 334 993 compositis
366 946 408 978 et
434 937 673 985 destinatis,
698 935 886 991 quaesivit
917 934 1115 976 acerbare
1151 934 1349 974 invidIam
1374 935 1441 974 de-

92 1006 256 1048 lationis
278 1021 286 1046 :
313 1007 386 1048 sed
409 1019 674 1061 nequaquam
703 1004 879 1061 opprimi
903 1004 1042 1060 potuit
1070 1003 1282 1060 integritas
1304 1012 1344 1044 et
1368 1003 1442 1044 cir·

94 1077 341 1119 cumveniri.
374 1076 478 1119 Nam
500 1075 533 1117 si
559 1075 771 1122 habuisset
800 1074 1094 1131 probationes,
1125 1087 1341 1128 nunquam
1381 1073 1441 1112 iu-

95 1145 350 1202 spectionem
378 1153 447 1186 tua
480 1144 684 1186 sententia
711 1142 994 1198 flagitavisset.

154 1214 199 1255 V.
239 1214 353 1264 Quid
376 1215 500 1270 igitur
531 1214 607 1254 sibi
632 1213 752 1254 velit.
787 1221 828 1254 et
860 1227 943 1268 quo
977 1219 1137 1268 spectet
1170 1211 1283 1266 quod
1306 1210 1443 1251 obste-

96 1283 243 1325 tricem
283 1283 564 1326 adhibendam
598 1282 850 1328 credideris,
889 1295 1171 1337 nonpossnm
1206 1279 1435 1320 advertere.

95 1354 235 1396 Ita-ne
265 1369 364 1410 ergo
386 1354 565 1395 liberum
597 1354 675 1394 erit
698 1367 895 1394 accusare
930 1352 1147 1398 omnibus,
1168 1360 1209 1392 ct
1238 1365 1332 1392 cun]
1357 1366 1449 1407 pro-

95 1424 264 1465 batione
303 1424 561 1471 destiterint,
602 1424 763 1480 patebit
803 1431 847 1464 ut
898 1423 1141 1478 genitalium
1185 1430 1445 1463 secretorum

96 1502 239 1551 petant
255 1493 558 1550 inspectionem
573 1526 583 1542 ,
609 1503 650 1535 et
669 1493 919 1534 addicentur
935 1508 1100 1549 semper
1115 1507 1244 1533 sacr-ze
1267 1492 1445 1548 virgines

98 1565 149 1604 ad
179 1562 421 1618 hujusmodi
459 1563 665 1610 ludibria,
690 1578 781 1618 quse
814 1571 855 1604 et
886 1563 975 1603 visu
1006 1571 1047 1603 et
1085 1562 1255 1608 auditu,
1281 1561 1446 1603 horrori

97 1639 138 1673 et
159 1632 308 1688 pudori
331 1632 455 1673 sunt?
473 1633 664 1689 Denique
683 1648 764 1673 non
787 1633 959 1673 minima
983 1632 1109 1673 ctiam
1134 1632 1174 1673 in
1195 1632 1274 1672 tuis
1298 1632 1448 1673 litteris

98 1708 266 1744 tentatae
287 1703 562 1760 expressionis
582 1698 834 1744 verecundia
856 1712 930 1744 est.
947 1703 1051 1753 Quae
1066 1717 1164 1759 ergo
1184 1703 1272 1743 sine
1295 1703 1447 1742 damno

98 1772 269 1830 pudoris
292 1773 332 1813 in
360 1773 504 1814 alienis
527 1773 696 1813 auribus
726 1788 922 1814 resonare
944 1788 1027 1813 non
1061 1781 1246 1828 queunt,
1276 1788 1321 1813 ea
1362 1788 1447 1829 pos-

100 1851 195 1884 sunt
221 1842 261 1883 in
284 1842 444 1899 virgine
468 1843 555 1883 sinc
576 1842 666 1898 ejus
689 1843 839 1884 tentari
862 1843 1150 1885 verecundia?

157 1911 225 1953 VI.
243 1928 246 1929 ⁷
261 1912 458 1958 Invenisti
474 1912 548 1953 tibi
566 1913 641 1953 vile
659 1913 916 1969 mancipium
931 1946 941 1961 ,
956 1928 1182 1970 procacem
1201 1914 1417 1953 vernulam
1437 1945 1445 1959 ‚

102 1996 177 2023 cur
215 1996 299 2022 non
335 1981 517 2023 abutaris
544 1982 793 2038 pudibundo
820 1982 1073 2030 ministerio,
1093 1990 1134 2024 ct
1153 1997 1333 2038 exponas
1358 1981 1448 2036 ejus

81 2050 371 2099 .modestiam;
397 2066 492 2092 cun]
516 2052 746 2107 praesertim
780 2052 884 2093 nihil
914 2052 1100 2093 sanctius
1128 2051 1170 2092 in
1194 2051 1350 2106 virgine
1375 2051 1452 2096 sit,

100 2129 226 2177 quam
249 2120 533 2161 verecundia?
556 2120 646 2162 Non
670 2121 782 2162 enim
808 2136 924 2162 sacra
951 2121 1066 2177 virgo
1096 2129 1141 2162 ut
1163 2136 1340 2176 corpore
1357 2128 1453 2160 tan-

101 2192 323 2233 tummodo
355 2191 515 2247 integra
553 2191 605 2232 sit
640 2187 874 2247 quaeritur,<
890 2200 932 2233 et
972 2207 1057 2232 non
1095 2198 1141 2232 ut
1183 2191 1222 2231 in
1255 2191 1450 2232 omnibus

101 2261 192 2318 ejus
206 2261 439 2302 inoffensus
464 2269 631 2302 maneat
651 2262 802 2318 pudor.
820 2260 952 2318 Virgo
974 2261 1143 2303 Domini
1169 2261 1253 2302 suis
1273 2269 1335 2301 est
1357 2261 1451 2301 nixa

100 2330 244 2372 fulcris
269 2332 318 2371 ad
348 2331 413 2372 sui
431 2330 726 2387 probationem
744 2363 753 2377 ,
780 2345 859 2371 nec
889 2330 1033 2371 alienis
1069 2330 1238 2372 dotibus
1261 2338 1381 2385 eget,
1409 2337 1455 2369 ut

103 2415 146 2442 se
167 2399 370 2456 virginem
407 2400 557 2456 probet
583 2416 592 2440 t
626 2410 668 2441 et:
698 2415 774 2441 nec
806 2400 1046 2441 abditorum
1065 2433 1075 2448 ,
1102 2401 1453 2455 occultorumque

99 2470 329 2528 inspectio,
356 2473 426 2512 sed
458 2471 578 2512 obvia
615 2471 810 2512 omnibus
844 2472 1050 2513 modestia
1075 2471 1324 2528 astipulatur
1356 2471 1457 2510 inte-

104 2540 260 2597 gritari.
289 2540 382 2583 Non
412 2541 550 2597 placet
571 2541 659 2583 Deo
677 2541 840 2597 ,quam
863 2556 948 2582 non
977 2556 1151 2582 suorum
1176 2540 1352 2597 gravitas
1372 2554 1457 2580 ino—

104 2612 202 2653 rum
219 2610 370 2668 probat
386 2625 394 2651 :
412 2625 496 2652 non
519 2611 721 2668 probatur
738 2611 922 2654 Domino
937 2643 947 2661 ‚
969 2626 1061 2668 quae
1079 2611 1202 2654 unius
1219 2609 1457 2652 obstetricis
