1774 3158
313 213 364 241 DE
397 211 521 245 om’ru
554 210 855 240 unm-rmum
891 211 1162 243 consonum.
1332 201 1412 243 115

71 293 140 336 »in
169 291 372 350 principio
411 303 513 330 mcae
543 289 736 330 laetitiae¹.
760 290 879 346 »Ipse
911 306 977 332 me
1008 292 1156 344 citius,
1190 308 1313 350 quam
1345 308 1416 334 vos

69 363 288 405 obliviscar
304 368 365 401 :et
380 359 412 399 si
427 373 610 414 unquam
629 373 765 400 sermo
793 359 962 407 tacebit,
987 362 1184 418 loquetur
1207 363 1406 405 affectus:

71 442 111 474 ct
133 432 164 473 si
185 446 263 472 vox
287 428 468 474 deficiet,
493 443 576 469 non
600 427 771 470 deficiet
797 430 943 486 gratia,
970 445 1060 485 quae
1082 433 1185 475 meis
1208 442 1270 475 est
1293 432 1415 475 infixa

72 499 324 559 praecordiis.

133 569 324 612 LXXIX.
363 568 587 619 Quomodo
638 569 886 611 ceciderunt
931 571 1154 627 potentes?
1197 573 1422 622 Quomodo

74 651 248 695 uterque
271 653 398 694 snper
427 640 492 678 illa
519 638 749 693 Babylonis
778 640 1025 681 ceciderunt
1048 640 1283 682 ssumina2?
1305 643 1422 692 Quo-

75 711 199 751 modo
214 709 421 764 rapidiora
438 708 654 762 utriusque
674 709 763 748 vitre
780 709 895 750 fuere
910 709 1135 756 curricula,
1155 725 1279 765 quam
1298 710 1424 767 ipsius

73 779 264 822 Rhodani
291 786 387 818 sunt
414 777 599 817 fluenta?
630 778 665 818 O
701 779 802 831 mibi
835 779 1034 820 Gratiane
1067 787 1108 819 et
1138 778 1426 820 Valentiniano

75 848 248 906 speciosi
264 857 305 889 et
321 848 568 893 charissimi,
593 863 719 903 quam
746 858 920 903 angusto
946 850 1070 889 vitam
1091 848 1174 889 fine
1193 849 1423 890 clausistis!

75 934 196 976 quam
214 918 403 976 proxima
425 918 537 958 vobis
558 919 702 958 mortis
722 918 840 959 suere
861 919 1069 960 confinia!
1093 935 1219 975 quam
1237 921 1428 976 sepulcra

74 990 233 1031 vicina!
259 989 471 1035 Gratiano,
501 989 686 1044 inquam,
714 999 756 1031 et
778 990 1090 1039 Valentiniano,
1118 992 1158 1032 in
1185 993 1329 1032 vestris
1361 1006 1432 1032 no-

75 1061 256 1102 minibus
279 1059 491 1100 adhaerere
514 1058 648 1114 juvat,
675 1068 797 1115 atque
825 1061 1009 1102 delectat
1032 1061 1073 1101 in
1095 1062 1218 1102 vestri
1244 1075 1431 1102 comme-

78 1118 619 1185 morationerequiescere.
650 1131 686 1171 O
712 1130 909 1172 omnibus
943 1131 1141 1172 Gratiaue
1169 1139 1210 1172 et
1242 1130 1431 1172 Valenti-

77 1201 199 1241 niane
230 1199 404 1256 speciosi
436 1207 475 1239 et
508 1200 768 1240 charissimi!
797 1200 1103 1256 Inscparabiles
1134 1200 1175 1240 in
1206 1200 1303 1246 vita,
1327 1200 1432 1240 etin

77 1278 310 1310 mortemon
324 1268 420 1309 estis
438 1269 614 1324 separati
631 1268 642 1287 ³
655 1300 663 1309 .
685 1268 776 1310 Non
799 1284 870 1310 vos
888 1270 1088 1311 discrevit
1105 1270 1308 1316 tumulus,
1329 1282 1435 1324 quos

78 1354 161 1380 non
197 1338 459 1379 discernebat
492 1338 682 1380 ass'ectus.
727 1339 822 1380 Non
860 1355 984 1381 causa
1026 1341 1172 1381 mortis
1209 1340 1433 1396 separavit,

78 1422 180 1464 quos
203 1407 333 1463 pietas
352 1422 434 1447 una
455 1406 673 1463 jungebat.
697 1409 789 1450 tNon
811 1409 1012 1449 virtutum
1034 1409 1228 1450 distantia
1248 1408 1435 1464 dispares

79 1479 203 1526 fecit,
232 1492 335 1532 quos
359 1478 501 1533 religio
525 1492 606 1518 una
638 1480 820 1519 fovebat.
857 1479 995 1534 Super
1023 1479 1239 1519 columbas
1271 1478 1432 1535 simpli-

81 1551 228 1597 ciores,
258 1563 383 1604 super
405 1549 562 1604 aquilas
587 1549 787 1597 leviores,
817 1564 942 1606 super
971 1564 1098 1605 agnos
1121 1549 1432 1597 clementiores,

81 1634 204 1676 super
231 1620 382 1658 vitulos
409 1618 741 1660 innocentiores.
775 1619 963 1660 Gratiani
995 1618 1144 1675 sagitta
1170 1633 1254 1659 non
1283 1626 1345 1659 est
1369 1632 1439 1659 re·

81 1703 197 1732 versa
229 1699 357 1736 retro,
387 1697 429 1730 et
457 1689 739 1731 Valentiniani
769 1689 927 1746 justitia
959 1705 1043 1731 non
1075 1690 1153 1731 suit
1181 1703 1326 1737 vacua,
1357 1703 1434 1730 nec

82 1761 214 1802 inanis
246 1759 482 1800 auctoritas.
521 1760 744 1809 Quomodo
787 1761 874 1801 sine
907 1774 1046 1817 pugna
1085 1759 1328 1801 ceciderunt
1360 1772 1430 1815 po-

83 1828 245 1872 tentes?

141 1899 314 1941 LXXX.
357 1900 488 1940 Doleo
512 1899 553 1940 in
576 1907 616 1940 te
632 1933 640 1947 ,
668 1898 725 1940 fili
749 1899 946 1941 Gratiane
962 1931 972 1946 ‚
999 1899 1132 1940 suavis
1159 1897 1261 1939 mihi
1294 1898 1426 1938 valde.

85 1971 265 2013 Plurima
288 1971 436 2011 dedisti
453 1978 533 2010 ture
554 1970 721 2026 pietatis
740 1971 927 2027 insignia.
957 1971 1020 2012 Tu
1035 1970 1221 2011 meinter
1240 1978 1308 2010 tua
1321 1969 1431 2026 peri-

86 2043 177 2082 cula
200 2040 455 2096 requirebas,
474 2048 518 2080 tu
537 2042 578 2080 in
599 2043 677 2081 tuis
701 2041 897 2082 extremis
921 2056 987 2081 me
1010 2040 1268 2097 appellabas,
1287 2054 1431 2081 meum

87 2112 138 2152 de
187 2119 226 2151 te
264 2112 355 2167 plus
397 2112 567 2151 dolebas
614 2110 819 2152 dolorem.
864 2112 994 2152 Doleo
1028 2111 1153 2151 etiam
1186 2110 1227 2150 in
1264 2117 1304 2150 te
1331 2141 1341 2157 ,
1375 2107 1434 2150 fili

87 2181 375 2224 Valentini-ane
392 2214 402 2229 ‚
426 2182 636 2238 speciosus
665 2182 767 2223 mibi
792 2183 923 2223 valde.
950 2181 1174 2223 Deciderat
1201 2195 1318 2221 amor
1338 2187 1434 2220 tuus

88 2253 128 2293 in
159 2268 251 2300 me,
279 2252 386 2293 sicut
417 2266 532 2292 amor
558 2253 754 2308 pignoris.
785 2253 846 2294 Tu
880 2267 953 2309 per
981 2266 1048 2292 me
1072 2251 1246 2307 putabas
1266 2250 1370 2306 eripi
1394 2259 1435 2290 te

90 2324 283 2380 periculis
312 2338 319 2363 :
348 2331 390 2363 tu
422 2337 592 2364 menon
619 2325 752 2364 solum
780 2332 825 2364 ut
858 2331 1073 2380 parentem
1107 2321 1332 2378 diligebas3
1363 2321 1437 2362 sed

90 2403 135 2436 ut
151 2396 460 2451 redemptorem
478 2395 537 2435 iui
553 2427 563 2442 ,
582 2404 623 2436 ct
639 2395 907 2436 liberatorem
926 2394 1133 2451 sperabas.
1156 2393 1220 2434 Tu
1238 2392 1405 2433 dicebas
1424 2405 1433 2432 :

90 2466 214 2508 Putas
234 2481 301 2514 nc,
323 2466 472 2506 videbo
495 2473 655 2522 patrem
682 2481 823 2508 meum
840 2465 1064 2522 ‚³Spcciosa
1088 2464 1138 2505 de
1161 2479 1228 2506 me
1244 2464 1437 2504 voluntas

139 2558 145 2571 ¹
164 2549 245 2584 Psal.
266 2560 392 2587 cxxxvi,
408 2552 438 2586 5,
459 2555 488 2581 et
508 2560 596 2592 seqq.
614 2567 652 2574 -
668 2560 678 2573 ²
700 2561 716 2581 2
735 2551 895 2591 Reg.x1x,
916 2560 944 2581 ι.
961 2565 1001 2572 -
1020 2549 1034 2571 ³
1061 2559 1077 2579 2
1098 2548 1175 2589 sseg.
1201 2558 1226 2585 ι,
1244 2546 1296 2578 23.

1241 2605 1278 2645 8.
