1774 3158
327 234 383 277 36
873 244 904 271 s.
946 243 1135 271 Amnnosn

383 325 451 367 Vl.
488 323 578 366 Non
606 330 668 364 est
696 336 794 378 ergo
823 322 957 379 gravis
987 321 1231 363 subeundus
1257 333 1411 360 moeror
1437 320 1669 360 secundum

325 402 547 441 naturam3
576 407 630 433 ne
651 399 721 433 aut
750 391 1087 434 excellentiorem
1124 390 1302 446 aliquam
1338 397 1495 430 naturae
1522 403 1671 445 excep-

327 463 483 504 tionem
518 460 637 503 nobis
670 475 862 518 arrogare
891 459 1108 502 videamur
1125 492 1135 508 ‚
1162 468 1232 501 aut
1254 474 1522 501 communem
1549 473 1674 500 recu-

327 548 428 574 sare.
465 530 628 573 Etenim
652 545 764 572 mors
786 529 956 585 aequalis
981 538 1042 571 est
1064 529 1259 570 omnibus
1279 560 1290 577 ,
1320 527 1542 569 indiscreta
1574 542 1673 584 pau-

325 602 511 660 perihus,
530 601 746 657 inexcepta
760 600 970 642 divitibus.
998 600 1049 642 Et
1067 599 1161 641 ideo
1184 599 1282 641 licet
1298 613 1371 656 per
1386 598 1509 639 unius
1527 612 1674 654 pecca-

325 681 441 720 tum,
482 672 522 712 in
555 684 700 712 omnes
737 677 878 710 tamen
916 667 1239 726 pertransivit¹3
1273 676 1320 709 ut
1355 682 1479 724 quem
1511 667 1673 723 generis

324 757 409 783 non
433 740 662 797 refugimus
686 746 928 787 auctorem,
958 753 1042 780 non
1076 737 1328 795 refugiamus
1358 745 1399 779 ct
1425 736 1572 778 mortis
1598 751 1607 777 ε
1634 745 1675 778 et

325 813 376 853 sit
397 810 516 852 nobis
533 810 641 852 sicut
660 824 735 866 per
756 823 888 850 unum
909 823 1022 850 mors
1041 841 1051 857 ,
1077 809 1130 850 ita
1149 823 1222 865 per
1242 822 1374 849 unum
1395 807 1520 849 etiam
1538 821 1672 848 resur-

325 880 457 923 rectio
477 897 487 928 ;
523 894 600 921 nec
637 893 878 920 recusemus
915 893 1146 920 aerumnam
1161 910 1173 927 ,
1216 886 1262 919 ut
1299 876 1588 934 perveniamus
1624 876 1674 918 ad

325 950 500 1007 gratiam
528 965 537 991 ι
557 968 572 987 «
593 948 718 991 Venit
747 948 859 990 enim
875 980 885 996 ,
924 956 969 990 ut
992 947 1192 1004 legimus,
1228 946 1418 989 Christus
1441 947 1597 988 salvum
1621 946 1676 987 sa-

325 1034 452 1061 ncere
469 1052 479 1068 ,
514 1019 627 1075 quod
658 1017 839 1075 perierat
855 1017 869 1038 ²
898 1031 909 1058 τ
932 1025 975 1060 et
1004 1025 1051 1059 ut
1075 1032 1159 1058 non
1192 1017 1326 1058 solum
1357 1016 1544 1058 vivorum
1567 1048 1577 1063 ‚
1603 1015 1672 1057 sed

323 1089 478 1132 »etiam
500 1097 765 1131 mortuorum
794 1088 1033 1131 dominetur
1050 1088 1078 1131 ⁸.
1096 1088 1283 1145 »Lapsus
1316 1102 1407 1130 sum
1446 1086 1487 1129 in
1513 1086 1670 1134 Adam,

325 1160 377 1202 de
399 1159 590 1216 paradiso
611 1158 771 1215 ejectus
798 1157 839 1199 in
874 1157 1009 1199 Adam
1033 1190 1043 1205 ,
1076 1165 1266 1199 mortuus
1292 1157 1334 1198 in
1367 1156 1501 1198 Adam
1523 1173 1535 1204 ς
1566 1171 1674 1211 quo-

324 1228 451 1271 modo
470 1236 653 1276 revocet,
675 1227 754 1269 nisi
772 1242 840 1269 me
862 1227 903 1269 in
927 1228 1062 1270 Adam
1077 1226 1326 1274 invenerit&
1340 1225 1443 1267 utin
1456 1225 1526 1267 illo
1543 1227 1675 1281 culpae

326 1297 575 1344 obnoxium,
604 1297 731 1339 morti
751 1297 965 1345 debitum,
986 1297 1040 1338 ita
1066 1297 1107 1338 in
1125 1296 1290 1338 Christo
1307 1293 1580 1351 justificatum
1600 1293 1676 1335 PSi

325 1382 424 1424 ergo
454 1366 644 1407 debitum
673 1374 735 1407 est
765 1366 937 1414 mortis,
973 1365 1126 1408 solutio
1157 1366 1282 1407 debet
1310 1380 1398 1407 esse
1430 1364 1669 1406 tolerabilis.

325 1435 407 1478 Sed
426 1435 494 1477 hic
515 1436 634 1476 locus
657 1435 964 1491 posterioribus
985 1436 1173 1492 partibus
1196 1435 1480 1477 reservandus.

381 1505 470 1548 VII.
510 1504 631 1547 Nunc
667 1504 930 1561 propositum
967 1514 1030 1547 est
1069 1520 1254 1547 asserere
1282 1513 1461 1547 mortem
1499 1503 1675 1560 graviori

325 1591 408 1618 non
430 1575 583 1617 debere
607 1588 697 1615 esse
719 1574 889 1615 moerori
910 1606 919 1623 ‚
947 1576 1059 1630 quod
1087 1590 1184 1617 eum
1207 1583 1355 1617 natura
1378 1575 1465 1632 ipsa
1488 1582 1670 1631 respuat.

323 1645 514 1700 Denique
533 1642 758 1699 Lyciorum
779 1643 974 1686 feruntur
995 1659 1085 1686 csse
1106 1653 1336 1701 praecepta,
1360 1659 1451 1700 quae
1477 1644 1586 1685 viros
1608 1643 1676 1699 ju-

325 1714 452 1757 beant
472 1712 696 1754 mulierum
726 1721 883 1760 vestem
906 1714 1103 1761 induere,
1138 1714 1168 1755 si
1202 1713 1373 1755 moerori
1402 1712 1668 1768 indulgeant3

326 1799 377 1826 eo
400 1784 514 1840 quod
532 1783 703 1824 mollem
724 1791 766 1824 et
789 1782 1090 1825 effoeminatum
1115 1783 1395 1840 judicaverint
1414 1783 1455 1824 in
1477 1782 1565 1824 viro
1584 1783 1676 1823 luc·

327 1862 430 1895 tum.
462 1851 663 1893 Deforme
689 1860 752 1894 est
773 1852 884 1893 enim
917 1867 987 1893 eos
1009 1853 1078 1908 qui
1101 1867 1176 1909 pro
1199 1851 1308 1900 fide,
1339 1867 1414 1908 pro
1443 1851 1643 1909 religione
1664 1884 1673 1899 ,

326 1938 402 1980 pro
419 1923 551 1980 patria
571 1954 583 1970 ,
608 1937 683 1978 pro
705 1922 901 1977 aequitate
922 1922 1091 1978 judicii,
1124 1931 1247 1978 atque
1265 1921 1496 1963 intentione
1514 1921 1675 1963 virtutis

328 1993 497 2035 obvium
521 1992 645 2033 morti
670 1992 824 2033 debent
849 2000 995 2048 pectus
1019 1991 1171 2033 offerre
1187 2024 1196 2039 ,
1222 2006 1399 2033 moerere
1417 1991 1458 2032 in
1482 1990 1561 2032 alio
1582 2006 1677 2048 gra-

327 2063 440 2111 vius,
460 2063 572 2117 quod
598 2061 639 2102 in
663 2076 705 2102 sc
725 2093 734 2108 ,
764 2061 795 2102 si
818 2076 941 2102 causa
960 2062 1169 2118 exegerit,
1195 2061 1226 2102 si
1249 2061 1542 2117 expetendum.
1572 2059 1675 2102 Nam

327 2133 685 2189 quemadmodum
708 2140 825 2188 potos
850 2132 889 2172 in
912 2140 952 2172 tc
980 2147 1063 2172 non
1086 2131 1275 2187 refugere
1291 2163 1301 2179 ,
1326 2131 1438 2186 quod
1462 2131 1676 2187 impatien-

328 2203 410 2243 tius
443 2201 509 2242 alii
539 2202 679 2242 doleas
713 2201 948 2242 accidisse?
978 2201 1150 2258 Depone
1173 2215 1426 2250 moerorem,
1463 2201 1496 2242 si
1524 2210 1674 2258 potes:

328 2271 520 2319 include,
544 2270 576 2311 si
601 2285 682 2310 non
706 2278 837 2326 potes.

388 2340 494 2381 VIII.
533 2339 616 2381 Aut
643 2339 928 2382 absorbendus
952 2341 1113 2388 omnis,
1150 2349 1220 2382 aut
1249 2342 1501 2396 premendus
1523 2349 1585 2382 est
1608 2340 1677 2381 do-

327 2409 426 2452 lor‘i’
450 2407 535 2450 Cur
560 2410 672 2451 enim
704 2410 945 2452 moestitiam
978 2420 1091 2452 tuam
1113 2425 1199 2453 non
1229 2411 1332 2452 ratio
1363 2411 1524 2468 potius,
1549 2423 1674 2467 quam

374 2517 383 2533 ¹
404 2510 495 2542 Rom.
513 2520 545 2548 v,
564 2510 613 2541 18.
631 2528 669 2534 —
689 2519 700 2534 ⁸
716 2510 796 2544 Luc.
817 2522 883 2551 xix,
902 2523 950 2544 10.
967 2529 1005 2537 —-
1021 2513 1034 2537 ³
1052 2514 1146 2546 Rom.
1161 2523 1227 2551 xiv,
1253 2524 1284 2555 9.
1302 2530 1342 2537 —
1358 2515 1372 2542 ⁴
1388 2512 1471 2546 Vide
1484 2513 1516 2545 S.
1538 2512 1618 2554 Aug.
1637 2511 1676 2542 de

326 2573 411 2606 pecc.
426 2563 504 2604 orig.
524 2574 593 2606 cap.
611 2563 646 2601 4¹
658 2586 667 2596 .
