1774 3158
344 163 606 191 EXPLANATIO
638 162 808 189 SYMBOLI
845 163 894 189 Al)
930 162 1182 191 iNlTlANDos.
1367 151 1445 194 163

124 241 288 289 «Deus,
316 240 450 288 Deus,
485 240 644 296 respice
669 239 707 280 in
730 254 819 286 me;
861 255 987 295 quare
1016 257 1084 282 me
1108 242 1366 298 dereliquisti
1389 243 1406 285 P
1427 262 1442 283 n

108 311 155 352 In
177 311 369 367 passione
391 311 472 352 hoc
494 311 615 362 dicit3
631 310 833 351 Dominus
856 318 1002 351 noster
1018 311 1140 353 Jesus
1164 313 1353 355 Christus
1371 313 1453 355 hoc

109 383 339 423 secundum
364 381 579 423 hominem
601 381 769 422 locutus
796 389 881 426 est,
910 381 1025 435 qnasi
1051 396 1147 422 caro
1176 383 1286 424 dicat
1309 384 1360 424 ad
1382 383 1457 425 Di—

107 451 322 493 vinitatem
348 468 389 491 :a
411 451 553 502 Quare
588 465 655 491 me
695 449 986 505 dereliquisti?
1006 468 1021 487 »
1058 450 1165 507 Ergo
1189 461 1277 493 esto
1304 453 1458 495 medici

107 520 262 563 suerint
284 520 465 577 majores
483 520 638 567 nostri;
669 520 878 561 voluerint
908 521 1063 570 addere
1085 521 1324 576 aegritudini
1347 522 1459 564 sani-

107 599 260 639 tatem3
296 591 507 633 medicina
538 605 622 632 non
652 590 867 646 quaeritur.
910 590 1019 646 Ergo
1057 590 1088 631 si
1122 591 1331 633 medicina
1375 607 1461 633 non

106 662 185 704 suit
207 677 256 703 eo
284 671 474 719 tempore
510 661 762 709 necessaria,
801 676 883 716 quo
911 670 1000 703 erat
1034 661 1330 703 haereticorum
1355 677 1461 719 quo-

107 734 303 774 rumdam
328 733 461 789 gravis
485 732 688 789 aegritudo
714 731 952 772 animorum
979 747 987 771 :
1015 739 1056 772 et
1078 731 1111 772 si
1139 731 1217 773 suit
1234 741 1337 774 tunc
1355 741 1463 774 tem-

107 797 218 859 poris
240 803 481 858 quaerenda,
495 816 608 843 nunc
625 816 706 843 non
732 809 808 842 est.
828 801 921 852 Qua
941 801 1130 843 ratione?
1153 802 1277 844 Fides
1301 802 1461 860 integra

109 873 307 913 adversus
331 872 605 913 Sabellianos.
637 871 804 913 Exclusi
833 880 931 912 sunt
961 871 1188 913 Sabelliani
1212 872 1393 914 maxime
1415 874 1467 915 de

108 943 296 999 partibus
318 942 574 985 Occidentis.
616 942 675 983 Ex
701 942 775 983 illo
809 930 996 983 remedio
1020 942 1186 984 Arriani
1212 943 1466 986 invenerunt

109 1012 186 1053 sibi
209 1027 338 1068 genus
356 1012 575 1054 calumniae
596 1027 604 1053 :
626 1020 668 1053 et
691 1012 891 1067 quoniam
914 1012 1153 1068 symbolum
1171 1013 1370 1055 Romanae
1384 1013 1466 1054 Ec·-

112 1081 247 1124 clesiae
270 1097 345 1123 nos
375 1090 568 1124 tenemus
587 1081 620 1129 ¹,
646 1082 740 1123 ideo
763 1082 968 1122 visibilem
988 1090 1029 1123 et
1045 1082 1284 1139 passibilem
1303 1083 1470 1125 Patrem

111 1152 444 1210 omnipotentem
459 1151 516 1194 illi
534 1151 789 1194 zestimarent
806 1160 847 1193 et
867 1153 1081 1201 dicerent;
1108 1153 1222 1194 vides
1243 1154 1339 1210 quia
1362 1169 1471 1211 sym-

111 1223 257 1265 bolum
280 1223 338 1265 sic
362 1223 544 1270 habent,
574 1230 619 1263 ut
642 1222 848 1263 visibilem
873 1222 1027 1264 Filium
1051 1233 1092 1265 et
1126 1224 1367 1281 passibilem
1397 1225 1471 1266 de-

112 1294 337 1350 signarent.
377 1294 491 1345 Quid
517 1293 647 1350 ergo?
686 1294 764 1335 Ubi
802 1292 904 1335 fides
938 1294 1099 1351 integra
1136 1303 1221 1342 est,
1256 1294 1473 1337 sufficiunt

111 1373 321 1421 praecepta
344 1365 661 1422 Apostolorum.
688 1364 915 1406 Cautiones
942 1365 1043 1406 licet
1076 1367 1349 1408 sacerdotum
1386 1381 1471 1408 non

112 1434 396 1491 requirantur.
429 1434 601 1485 Quare}J
637 1434 746 1485 Quia
769 1435 910 1476 tritico
934 1435 1123 1477 immixta
1162 1436 1322 1477 zizania
1354 1444 1464 1477 sunt.

170 1504 222 1547 V.
236 1505 344 1547 Hinc
355 1506 609 1562 symbolum.
630 1505 786 1547 «Credo
798 1506 972 1547 unicum
982 1506 1211 1547 Dominum
1225 1514 1457 1548 nostrum.»

113 1575 182 1617 Sic
202 1575 329 1618 dicite
356 1591 397 1617 :a
414 1575 570 1618 Filium
588 1576 679 1632 ejus
697 1576 886 1618 unicum.
903 1594 917 1614 n
950 1576 1042 1619 Non
1060 1577 1212 1618 unicus
1230 1577 1473 1619 Dominus?

114 1648 228 1689 Unus
257 1646 368 1688 Deus
402 1655 485 1694 est,
517 1662 624 1688 unus
650 1654 691 1688 et
714 1646 922 1688 Dominus
950 1661 959 1687 :
984 1647 1058 1688 sed
1081 1662 1134 1688 ne
1157 1648 1470 1690 calumniantur

113 1726 155 1760 et
178 1719 344 1768 dicant,
368 1719 464 1775 quia
486 1734 568 1760 una
591 1717 789 1776 persona2
809 1734 820 1765 3
850 1717 1038 1759 dicamus
1060 1718 1214 1760 Filium
1233 1719 1358 1760 etiam
1376 1720 1466 1761 uni-

114 1803 213 1831 cum
235 1789 463 1832 Dominum
486 1797 691 1830 nostrum.
722 1788 831 1839 Quia
856 1789 906 1829 de
938 1788 1155 1830 divinitate
1175 1789 1307 1831 Patris
1328 1790 1474 1832 etFilii

113 1860 282 1902 venitur
304 1860 355 1902 ad
372 1860 704 1902 incarnationem
726 1859 853 1915 ipsius
867 1892 877 1907 ,
896 1858 1007 1909 «Qui
1025 1867 1147 1900 natus
1170 1869 1211 1901 et
1227 1861 1415 1917 sepultus
1431 1879 1462 1909 ,n

115 1931 244 1973 habes
263 1939 306 1973 et
331 1931 570 1988 passionem
603 1930 730 1986 ipsius
767 1938 808 1971 et
843 1931 1118 1986 sepulturam.
1157 1931 1326 1972 «Tertio
1355 1931 1421 1973 die
1452 1946 1472 1973 a

115 2000 379 2049 »mortuis;»
402 2000 532 2042 habes
555 2009 596 2041 et
618 2000 976 2042 resurrectionem
999 1999 1105 2056 ejus.
1144 2000 1405 2050 «Ascendit,
1429 2009 1469 2043 et

115 2090 132 2112 n
147 2072 264 2114 sedet
288 2072 339 2113 ad
365 2073 579 2113 dexteram
609 2070 754 2112 Patris.
773 2088 788 2109 n
818 2069 944 2111 Vides
967 2085 1066 2127 ergo
1089 2069 1184 2126 quia
1208 2086 1306 2113 caro
1335 2071 1478 2113 divini-

118 2142 193 2184 tati
215 2141 467 2184 imminuere
490 2141 595 2182 nihil
618 2140 776 2198 potuit3
807 2140 891 2181 imo
926 2141 977 2181 de
1002 2140 1292 2182 incarnatione
1323 2141 1476 2182 trium-

117 2212 225 2269 phus
247 2226 421 2269 magnus
445 2210 644 2267 quaesitus
668 2218 732 2252 est
755 2209 938 2252 Christo.
962 2209 1056 2261 Qua
1079 2209 1242 2252 ratione
1266 2211 1380 2252 enim
1402 2209 1476 2252 ubi

162 2330 170 2349 ¹
192 2326 295 2358 Nullis
319 2326 543 2358 additamentis
566 2325 658 2357 fuisse
675 2331 802 2357 auctum
818 2326 1000 2356 Romanum
1018 2324 1220 2367 Symbolum,
1237 2330 1270 2357 et
1290 2324 1417 2367 publice
1434 2324 1475 2356 ab

116 2376 280 2411 initiandis
298 2379 422 2412 recitari
447 2379 596 2414 solitum,
620 2386 729 2411 narrat
748 2378 882 2410 Rufinus
899 2379 958 2410 loc.
974 2378 1047 2416 cit„
1070 2378 1124 2420 qui
1139 2383 1245 2411 tamen
1271 2378 1476 2420 Aquileiense

119 2444 210 2467 suum
227 2434 380 2477 sequitur.
399 2451 437 2459 -
457 2441 471 2456 ²
488 2433 574 2466 God.
594 2445 690 2465 unam
707 2434 810 2476 passio
826 2444 913 2465 nam.

1268 2525 1333 2552 11.
