1774 3158
279 195 333 238 50
816 210 846 237 s.
887 209 1078 237 AMBROSH

272 303 408 343 neque
427 287 715 344 refugiendam
734 295 914 329 mortem
934 287 1051 343 quasi
1076 286 1264 343 ignavam
1285 286 1446 343 putavit
1462 320 1470 335 ‚
1489 301 1625 343 neque

275 359 424 400 melius
442 373 516 399 nos
531 372 654 414 quau]
671 358 889 399 moriendo
908 365 1123 399 servasset.
1140 357 1285 413 Itaque
1306 372 1420 399 mors
1436 358 1527 414 ejus
1545 360 1624 399 vita

274 438 336 471 est
367 428 571 470 omnium.
615 428 746 470 Morte
768 428 858 485 ejus
882 429 1112 484 signamur,
1137 437 1319 469 mortem
1346 427 1436 484 ejus
1459 437 1626 470 orantes

277 500 596 547 annuutiamus,
620 507 797 540 mortem
818 499 909 554 ejus
935 497 1159 539 offerentes
1179 498 1455 554 praedicamus
1480 514 1490 540 t
1515 515 1627 541 mors

273 571 364 627 ejus
387 571 558 612 victoria
577 579 639 610 est
661 602 672 617 ‚
696 585 810 610 mors
833 569 922 624 ejus
947 577 1259 609 sacramentum
1281 577 1369 617 est,
1394 584 1506 610 mors
1537 569 1628 626 ejus

277 656 411 683 annua
435 641 676 682 solemnitas
698 639 845 680 mundi
865 648 939 681 est.
965 638 1079 689 Quid
1096 647 1298 695 praeterea
1322 638 1372 680 de
1386 639 1475 696 ejus
1493 649 1628 682 morte

276 712 464 753 dicamus
484 743 494 757 ,
524 725 620 751 cum
643 710 782 750 divino
805 709 1033 765 probemus
1059 710 1250 764 exemplo
1267 742 1277 757 ,
1303 709 1397 764 quia
1419 709 1630 751 immorta-

275 782 436 823 litatem
457 795 570 821 mors
602 781 686 820 sola
729 780 939 835 quccsivit‚
967 787 1090 834 atque
1113 779 1199 835 ipsa
1222 794 1264 819 se
1287 794 1399 820 mors
1423 781 1627 821 redemit?

276 851 369 893 ,Non
392 850 518 907 igitur
540 852 758 891 moerenda
781 865 892 891 mors
909 883 919 898 ‚
943 864 1032 905 quae
1052 864 1176 890 causa
1197 849 1340 890 salutis
1357 851 1626 906 estpublicae:

276 934 362 962 non
385 920 579 977 fugienda
605 935 719 962 mors
740 953 749 968 ,
781 935 906 976 quam
925 920 1000 961 Dei
1021 919 1150 961 Filius
1167 934 1250 960 non
1275 919 1521 977 dedignatus
1543 929 1626 968 est,

274 1007 359 1033 non
394 991 558 1049 refugit.
609 991 700 1033 Non
739 990 964 1032 solvendus
998 993 1100 1031 ordo
1140 999 1330 1037 naturae3
1366 991 1482 1046 quod
1515 991 1628 1032 euim

274 1076 501 1105 commune
528 1070 589 1103 est
620 1061 816 1102 omnibus
837 1093 847 1110 ‚
887 1070 1111 1117 exceptum
1144 1060 1187 1102 in
1225 1060 1397 1117 singulis
1424 1075 1514 1102 esse
1547 1075 1631 1102 non

274 1140 428 1189 potest.

331 1201 500 1245 XLVII.
536 1201 589 1243 Et
619 1216 731 1243 mors
755 1201 926 1258 quidem
951 1200 993 1242 in
1014 1209 1164 1242 natura
1185 1215 1271 1241 non
1303 1199 1407 1247 fuit,
1430 1200 1504 1242 sed
1527 1215 1629 1242 cou-

273 1287 391 1314 versa
413 1281 475 1313 est
495 1273 537 1313 in
554 1280 771 1320 natm-ann
793 1287 878 1313 non
906 1272 1017 1312 enim
1040 1286 1061 1312 a
1082 1270 1292 1328 principio
1316 1271 1430 1311 Deus
1449 1275 1628 1312 mortem

276 1343 480 1391 instituit,
506 1344 578 1384 sed
599 1358 675 1400 pro
700 1343 886 1384 remedio
914 1342 1042 1384 dedit.
1080 1341 1132 1382 Et
1161 1342 1478 1382 consideremus
1502 1357 1554 1382 nc
1577 1342 1632 1382 vi-

276 1415 426 1454 deatur
461 1429 551 1454 esse
589 1414 862 1454 contrarium.
897 1413 1001 1456 Nam
1034 1412 1066 1453 si
1100 1412 1257 1452 bonum
1290 1420 1352 1453 est
1382 1426 1522 1458 mors,
1556 1426 1630 1452 eur

274 1485 477 1541 scriptum
514 1493 606 1532 est,
641 1485 736 1540 quia
766 1484 910 1525 «Deus
935 1491 1116 1524 mortem
1145 1497 1229 1523 nou
1262 1481 1388 1523 feeit:
1419 1484 1491 1524 sed
1519 1483 1632 1524 mali-

272 1573 288 1594 »
305 1555 357 1596 tia
385 1555 604 1596 hominum
634 1569 746 1596 mors
776 1554 961 1595 introivit
992 1554 1032 1594 in
1055 1553 1199 1594 orbem
1229 1553 1459 1594 terrarum¹
1479 1553 1497 1594 P
1516 1573 1531 1592 n
1552 1555 1628 1597 Re-

273 1640 368 1667 vera
393 1625 507 1666 enim
531 1640 646 1666 mors
667 1624 810 1668 divino
839 1625 954 1681 operi
977 1624 1211 1666 necessaria
1233 1638 1320 1665 non
1343 1623 1443 1672 suit,
1465 1624 1623 1665 cumin

273 1696 466 1753 paradiso
492 1696 636 1754 positis
659 1697 872 1737 bonorum
897 1695 1087 1737 omniun]
1111 1694 1220 1751 jugis
1243 1709 1460 1736 successus
1485 1695 1629 1737 afflue-

274 1776 361 1815 ret;
391 1769 463 1808 sed
485 1766 829 1823 praevaricatione
853 1767 1051 1807 damnata
1071 1766 1114 1807 in
1144 1766 1288 1806 labore
1309 1766 1511 1808 diuturno
1527 1799 1538 1814 ,
1558 1782 1631 1823 ge-

275 1840 465 1894 mituque
488 1838 753 1880 intolerando
770 1838 850 1879 vita
870 1838 1091 1878 hominum
1108 1837 1236 1893 coepit
1256 1852 1345 1878 esse
1364 1838 1629 1879 miserabilis:

278 1910 510 1965 debuitque
532 1909 619 1950 dari
647 1908 741 1950 finis
759 1909 967 1949 malorum
987 1940 999 1957 ,
1024 1917 1070 1949 ut
1095 1922 1207 1949 mors
1229 1907 1496 1955 restitueret,
1522 1909 1636 1964 quod

279 1982 361 2022 vita
386 1982 594 2022 amiserat.
623 1980 921 2022 Immortalitas
939 1980 1052 2022 enim
1076 1980 1193 2021 oneri
1224 1978 1363 2036 potius
1392 1994 1517 2035 quam
1544 1979 1634 2021 usui

278 2060 342 2095 est
364 2052 476 2108 (17),
503 2051 581 2092 nisi
606 2052 757 2108 aspiret
779 2051 926 2107 gratia.

336 2121 527 2165 XLVIII.
563 2122 669 2163 Etsi
696 2122 801 2164 bene
837 2121 1060 2170 discutias,
1102 2135 1188 2162 non
1222 2129 1381 2162 natnrae
1412 2135 1524 2162 mors
1558 2120 1635 2162 ista

279 2200 342 2235 est
362 2225 371 2240 ‚
398 2193 470 2233 sed
492 2191 681 2237 malitiae;
716 2199 861 2232 manet
889 2191 1001 2233 enim
1039 2199 1187 2232 natura
1205 2224 1215 2239 ‚
1249 2191 1411 2233 malitia
1439 2190 1631 2233 moritur.

280 2264 482 2320 Resurgit
500 2264 613 2319 quod
632 2262 734 2304 fuit:
754 2270 877 2319 atque
895 2262 1053 2303 utinam
1068 2261 1206 2318 utjam
1217 2263 1423 2319 peccandi
1438 2263 1636 2310 liberum,

281 2334 337 2375 ita
355 2348 537 2375 vacuum
562 2335 694 2390 culpae
712 2333 885 2390 prioris!
914 2332 996 2373 Sed
1015 2332 1094 2374 hoe
1112 2333 1247 2389 ipsum
1266 2332 1424 2375 indicio
1443 2342 1507 2375 est
1523 2347 1639 2375 mor-

281 2413 365 2446 tem
395 2419 479 2446 non
510 2419 600 2446 esse
632 2413 814 2452 naturae,
850 2404 946 2460 quia
979 2404 1107 2445 iidem
1141 2404 1323 2452 crimus,
1364 2405 1434 2462 qui
1464 2404 1632 2446 suimus.

279 2475 425 2532 Itaque
453 2483 523 2517 aut
554 2482 829 2533 peccatorum
848 2482 1096 2516 nostrorum
1132 2475 1340 2533 supplicia
1368 2477 1602 2535 pendemus
1625 2506 1638 2525 ,

329 2564 338 2579 ¹
354 2556 427 2598 Sap.
447 2565 468 2593 ι,
488 2566 540 2598 17,
555 2562 587 2588 et
606 2555 710 2593 mnat-
