1774 3158
344 222 432 274 434
886 231 919 260 ε.
958 229 1150 260 AMBaosn

351 330 368 350 «
394 309 568 359 vanitati
589 316 782 351 creatura
806 307 997 364 subjecta
1029 315 1090 349 est
1113 320 1198 350 non
1230 315 1379 366 sponte
1397 340 1407 357 ,
1432 309 1506 351 sed
1525 317 1696 366 propter

340 401 356 423 n
395 397 493 424 eum
511 380 583 437 qui
603 378 840 435 subjecitin
861 394 957 435 spe3
982 378 1182 434 quoniam
1204 386 1246 421 et
1269 378 1357 435 ipsa
1380 388 1572 422 creatura
1587 379 1697 422 libe·
1727 404 1730 406 v

343 473 360 494 J>
390 453 554 495 rabitur
572 467 592 493 a
614 450 813 492 servitute
834 449 1118 506 corruptionis
1141 449 1184 490 in
1213 449 1454 492 libertatem
1483 449 1624 507 gloriae
1646 448 1696 491 fi-

343 544 359 563 »
392 523 546 565 liorum
566 520 646 562 Dei
662 519 674 541 ¹
691 535 703 567 ;
719 538 734 559 ι)
762 519 946 561 ostendit
966 533 1051 560 non
1070 519 1329 562 mediocrem
1353 520 1587 562 animarum
1607 535 1696 562 esse

343 594 537 651 gratiam,
561 605 741 647 quarum
759 590 901 647 vigore
919 597 960 631 et
981 590 1136 631 virtute
1157 588 1199 630 in
1222 590 1491 647 adoptionem
1510 589 1696 632 filiorum

343 666 421 709 Dei
452 663 629 719 assurgit
651 661 886 704 humanum
911 675 1068 717 genUS,
1099 660 1260 702 habens
1282 661 1324 702 in
1363 676 1406 703 se
1436 661 1550 717 quod
1571 661 1626 702 ad.
1647 660 1698 703 si-

342 735 626 779 militudinem
645 740 685 775 et
721 732 946 789 imaginem
976 730 1054 773 Dei
1089 731 1295 773 tributum
1321 739 1383 773 est
1416 731 1508 773 sibi.
1535 730 1698 773 Animae

344 808 459 851 enim
499 820 637 863 neque
669 812 782 846 tactu
807 803 945 859 aliquo
969 801 1390 859 comprehenduntur
1406 800 1581 859 ‚neque
1608 802 1698 844 visu

345 891 549 935 corporeo
573 876 793 920 videntur;
833 880 875 913 et
896 872 988 913 ideo
1015 871 1246 928 praeserunt
1287 871 1397 913 illius
1437 871 1698 928 incorporeae

345 957 387 991 et
423 945 640 989 invisibilis
675 951 834 984 naturae
867 941 1205 989 similitudinem,
1233 949 1275 982 et
1319 940 1697 998 supergrediuntur

338 1016 571 1061 substantia
598 1029 671 1056 sua
693 1026 942 1068 corpoream
973 1019 1015 1052 et
1044 1010 1286 1052 sensibilem
1304 1011 1565 1066 qualitatem.
1591 1011 1697 1062 Quae

342 1087 456 1130 enim
474 1086 686 1132 videntur,
722 1081 970 1139 temporalia
1008 1089 1122 1129 sunt,
1161 1081 1406 1138 temporalia
1429 1079 1694 1137 significant,

340 1156 648 1215 temporalibus
671 1153 986 1211 agglutinantur
1005 1167 1014 1193 ε
1031 1152 1098 1193 illa
1114 1160 1253 1193 autem
1275 1166 1366 1208 quae
1382 1167 1468 1194 non
1484 1153 1696 1200 videntur,

343 1237 501 1271 aeterno
524 1226 582 1269 illi
603 1233 645 1267 et
664 1238 829 1266 summo
852 1223 1207 1271 adhaerentbono,
1221 1230 1344 1278 atque
1361 1222 1403 1263 in
1425 1222 1514 1280 ipso
1535 1223 1696 1271 vivunt,

341 1309 384 1343 et
422 1307 544 1346 sunt,
587 1304 628 1338 et
665 1292 912 1337 moventur2
938 1310 949 1342 ;
989 1308 1068 1335 nec
1105 1293 1155 1335 ab
1179 1307 1244 1342 00,
1273 1292 1306 1335 si
1328 1293 1429 1335 boni
1450 1293 1694 1342 consulunt,

344 1387 389 1414 se
410 1369 628 1428 patiuntur
644 1365 826 1423 separari
844 1379 893 1406 ac
917 1363 1058 1406 dividi.

400 1440 469 1484 IV.
508 1440 778 1494 Unaquaeque
813 1449 913 1491 ergo
949 1434 1086 1476 anima
1125 1434 1269 1476 videns
1290 1450 1334 1476 se
1370 1448 1574 1492 corporeo
1618 1432 1696 1476 isto

346 1514 532 1555 clausam
569 1506 809 1564 gurgustio,
834 1519 925 1560 quae
951 1513 1089 1546 tamen
1118 1513 1292 1546 terrenae
1316 1504 1442 1561 hujus
1471 1503 1697 1546 habitatio-

337 1582 401 1625 nis
429 1577 642 1623 consortio
669 1590 754 1617 non
781 1573 1122 1630 degeneraverit,
1151 1574 1387 1631 ingemiscit
1409 1582 1578 1631 gravata
1608 1588 1696 1616 cor-

342 1651 455 1710 poris
476 1648 604 1705 hujus
631 1643 962 1701 conjunctione;
991 1643 1087 1699 quia
1123 1643 1398 1700 corruptibile
1423 1659 1576 1701 corpus
1602 1659 1697 1701 gra-

339 1730 409 1764 vat
428 1720 638 1765 animam,
664 1724 706 1758 et
723 1715 898 1757 inclinat
932 1722 1149 1756 terrenum
1184 1714 1474 1757 habitaculum
1511 1722 1698 1757 mentem

336 1793 568 1835 multarum
591 1785 898 1844 cogitationum
915 1783 927 1804 ³
953 1799 962 1825 :
986 1783 1196 1840 simulque
1218 1799 1478 1842 cognoscens
1502 1784 1597 1841 quia
1621 1800 1698 1843 per

343 1863 472 1905 fidem
504 1859 709 1905 ambulat,
746 1871 831 1898 non
861 1870 936 1912 per
960 1854 1193 1912 speciem&
1239 1856 1499 1914 peregrinari
1530 1857 1620 1899 vult
1642 1858 1695 1900 de

345 1947 540 1991 corpore,
563 1938 606 1972 et
628 1930 772 1971 adesse
796 1927 848 1968 ad
871 1925 1114 1968 Dominum.

399 2001 448 2046 V.
486 2001 766 2043 Advertamus
789 1996 916 2053 igitur
934 1997 1150 2052 quomodo
1177 1996 1348 2039 vanitati
1385 2006 1578 2040 creatura
1599 1997 1698 2040 sub-

351 2075 462 2132 jecta
480 2071 545 2114 sit⁵
558 2104 568 2119 ‚
589 2084 674 2112 non
691 2084 742 2111 ex
758 2067 973 2110 voluntate
995 2082 1084 2115 sua,
1105 2067 1178 2108 sed
1193 2082 1243 2108 ex
1255 2067 1393 2108 divino
1411 2068 1600 2117 arbitrio,
1614 2084 1698 2125 quo

344 2143 595 2202 dispositum
617 2149 680 2182 est
701 2139 859 2181 animas
872 2137 1122 2194 corporibus
1144 2136 1345 2194 conjungi
1361 2145 1556 2194 oportere
1577 2153 1699 2197 prop-

344 2226 411 2259 ter
427 2205 556 2272 *spem
572 2225 718 2254 earum
736 2227 746 2258 ;
771 2218 817 2251 ut
832 2210 931 2250 dum
950 2216 1120 2264 sperant
1135 2208 1263 2257 bona,
1281 2209 1425 2266 dignas
1444 2225 1486 2252 se
1503 2219 1699 2266 praestent

346 2285 507 2330 coelesti
528 2280 871 2326 remuneratione
891 2293 901 2320 ε
931 2296 948 2317 «
970 2279 1129 2321 Omnes
1148 2279 1261 2320 enim
1278 2294 1353 2322 nos
1370 2288 1536 2337 oportet
1555 2281 1699 2324 adesse

342 2377 358 2396 »
396 2357 448 2399 ad
480 2353 668 2396 tribunal
706 2349 885 2397 Christi;
929 2356 976 2390 ut
1009 2348 1161 2391 referat
1201 2350 1489 2407 unusquisque
1527 2350 1698 2408 propria

342 2449 357 2468 u
392 2424 581 2484 corporis
603 2421 633 2464 ⁶.
665 2439 681 2461 »
713 2421 814 2462 Ideo
848 2418 1181 2475 uuiuscujusque
1206 2419 1341 2461 anima
1375 2419 1602 2477 praevideat
1638 2435 1701 2462 re-

386 2538 396 2552 1
419 2529 514 2560 Rom.
528 2536 600 2564 vni,
620 2534 672 2563 20,
686 2527 717 2555 et
732 2532 824 2564 seqq.
839 2538 879 2545 -
897 2528 909 2542 ²
928 2522 1001 2554 Act.
1017 2531 1099 2560 xvn,
1117 2520 1167 2553 18.
1183 2539 1223 2546 -
1242 2524 1255 2545 3
1276 2533 1292 2553 2
1311 2522 1390 2556 Cor.
1411 2533 1442 2561 v,
1455 2523 1487 2561 4,
1502 2529 1535 2556 et
1557 2523 1635 2566 Sap.
1653 2534 1697 2563 ix,

346 2585 395 2616 ις,
413 2600 454 2607 ,-
469 2584 484 2609 4
499 2592 517 2612 2
530 2580 607 2613 Cor.
622 2589 653 2615 v,
667 2589 697 2620 7.
714 2595 755 2602 —-
773 2578 786 2599 ⁵
805 2578 900 2609 Rom.
915 2587 988 2613 vin,
1003 2587 1055 2610 βο.
1068 2595 1109 2601 --
1125 2578 1140 2600 ⁶
1155 2588 1172 2609 2
1187 2577 1263 2609 Gor.
1276 2588 1308 2615 v,
1326 2588 1374 2609 10.
