1774 3158
365 284 416 309 DE
450 282 571 309 OBITU
609 281 827 309 'rilnouostI
860 282 1028 312 Ont‘rto.
1295 276 1364 313 152‘1

94 358 291 402 XXXVI.
331 378 344 396 α
358 359 739 401 Circumdederunt
756 374 822 400 me
837 360 1001 401 dolores
1015 361 1176 411 mortis,
1191 364 1375 419 pericula

36 449 50 469 n
66 430 211 471 inferni
236 430 483 471 invenerunt
508 430 592 471 mc'
612 447 622 477 3
645 429 902 471 »multorum
924 431 1032 471 cuim
1055 433 1237 487 pericula
1263 444 1375 482 suut,

36 501 106 542 sed
129 501 310 542 remedia
329 515 573 557 paucorum.
602 501 648 541 In
666 500 860 541 omnibus
884 502 1077 541 sacerdos
1098 505 1374 558 periclitatur,

36 571 77 612 in
109 571 304 612 omuibus
336 572 414 612 reis
447 572 634 627 ang-itum
660 572 774 627 quod
796 571 907 612 enim
937 571 1002 612 alii
1037 573 1266 628 patiuntur,
1293 577 1379 630 ipsc

36 640 232 682 sustinet:
248 649 288 682 et
312 641 462 682 iterum
486 642 703 689 liberatur,
728 656 825 682 cum
850 641 917 682 alii
938 640 1008 697 qui
1037 650 1249 692 tenentur,
1270 646 1382 700 peri-

36 711 139 752 culis
170 711 416 753 liberantur.
457 711 664 753 Conteror
697 712 848 760 corde3
884 712 978 767 quia
1013 721 1180 769 ereptus
1210 722 1273 755 est
1303 715 1381 763 vir,

36 797 159 838 quem
178 781 243 824 vix
260 797 482 838 possumus
502 782 687 824 invenire
704 796 712 822 τ
730 783 803 823 sed
820 789 961 823 tamen
980 790 1025 823 tu
1041 784 1168 832 solus,
1185 783 1380 833 Domino,

35 851 291 893 invocandus
314 867 372 900 es,
401 859 445 892 tu
468 853 691 908 rogandus,
718 860 763 893 ut
784 867 881 893 eum
904 852 945 893 in
973 851 1067 894 filiis
1088 861 1370 910 repraesentes⁴

36 921 113 970 Tu,
137 921 331 970 Domine,
354 921 592 963 custodiens
611 922 736 963 etiam
754 923 948 979 parvulos
967 921 1007 962 in
1025 921 1104 963 hac
1127 922 1379 971 humilitate²

36 993 167 1033 salvos
185 992 309 1033 facito
326 1001 539 1049 sperantes
558 992 599 1033 in
617 991 699 1034 te2.
720 992 780 1034 Da
799 992 987 1048 requiem
1011 991 1240 1048 perfectam
1262 1007 1383 1035 servo

38 1069 109 1102 tuo
131 1061 385 1109 Theodosio,
418 1061 607 1117 requiem
635 1062 765 1110 illam,
799 1076 925 1117 quam
956 1062 1197 1118 praeparasti
1233 1062 1384 1104 sanctis

37 1130 132 1172 tuis.
168 1131 243 1173 Illo
276 1139 547 1174 convertatur
585 1132 720 1173 anima
753 1131 860 1187 ejus,
894 1133 1008 1173 unde
1042 1131 1281 1181 descendit3
1312 1121 1386 1173 ubi

37 1199 183 1242 mortis
211 1201 406 1242 aculeum
424 1202 578 1243 sentire
597 1216 682 1244 non
698 1202 844 1259 possit,
864 1201 938 1243 ubi
960 1211 1186 1258 cognoscat
1205 1211 1387 1244 mortem

38 1271 147 1314 hanc
166 1286 250 1313 non
274 1280 433 1314 naturae
456 1271 583 1313 finem
605 1288 710 1320 esse,
736 1273 809 1314 sed
827 1274 974 1328 culpae.
1003 1273 1131 1324 Quod
1149 1273 1259 1314 enim
1278 1287 1389 1313 mor-

39 1330 135 1383 tuus
153 1348 230 1390 est,
256 1350 430 1398 peccato
450 1350 640 1384 mortuus
660 1341 773 1389 est³;
795 1351 841 1383 ut
856 1341 940 1397 jam
963 1350 1135 1398 peccato
1159 1343 1275 1384 locus
1298 1357 1389 1383 esse

39 1426 123 1453 non
151 1412 512 1469 possitzresurget
544 1421 702 1460 autem,
734 1419 781 1453 ut
815 1412 1040 1469 perfectior
1070 1420 1268 1455 renovato
1300 1428 1388 1454 mu-

0 1499 1 1507 *
39 1496 140 1522 nere
164 1481 246 1523 vita
268 1491 500 1539 reparetur.
580 1527 585 1532 ,

96 1552 314 1595 XXXVII.
353 1553 510 1602 Dilexi,
541 1561 583 1596 et
605 1553 699 1595 ideo
720 1567 954 1610 prosequor
980 1567 1076 1595 eum
1101 1569 1234 1611 usque
1257 1555 1306 1596 ad
1328 1570 1391 1597 re-

41 1621 205 1678 gionem
232 1622 458 1671 vivorum‘*,
483 1637 562 1664 nec
591 1623 798 1672 deseram,
834 1623 969 1665 donec
994 1621 1096 1665 fletu
1124 1632 1166 1664 et
1194 1624 1390 1682 precibus

42 1690 238 1733 inducam
263 1691 398 1734 virum
415 1725 426 1742 ,
451 1707 534 1749 quo
557 1708 631 1734 sua
655 1693 804 1734 merita
827 1701 1005 1742 vocant,
1031 1692 1071 1734 in
1094 1701 1281 1734 montem
1308 1693 1391 1734 Do-

0 1779 1 1802 ;
39 1761 143 1803 mini
174 1771 365 1805 sanctum
398 1779 406 1804 ε
449 1763 522 1804 ubi
552 1764 717 1821 perenis
749 1763 847 1811 vita,
880 1764 954 1804 ubi
985 1765 1223 1820 corruptela
1256 1765 1386 1812 nulla,

0 1851 3 1873 -τ
41 1834 155 1875 nulla
179 1834 387 1890 contagio,
411 1835 550 1876 nullus
574 1835 770 1891 gemitus,
789 1835 931 1876 nullus
951 1835 1086 1882 dolor,
1106 1835 1269 1876 nullum
1292 1850 1391 1876 con-

2 1891 11 1938 ,⁸
42 1903 216 1945 sortium
240 1912 526 1951 mortuorum;
559 1919 653 1945 vera
685 1903 799 1961 regio
827 1903 1079 1950 viventium,
1109 1903 1182 1945 ubi
1212 1905 1390 1945 mortale

42 1973 124 2014 hoc
157 1973 304 2015 induat
335 1973 716 2017 immortalitatem,
750 1981 793 2014 et
826 1973 1100 2029 corruptibile
1131 1972 1213 2014 hoc
1245 1972 1392 2015 induat

0 2079 1 2082 ,
43 2041 444 2101 incorruptionem⁵.
470 2043 619 2100 Magna
645 2042 830 2099 requies,
855 2058 946 2099 quae
968 2050 1112 2083 votum
1136 2042 1308 2099 impleat
1336 2043 1391 2084 di-

3 2116 11 2165 >3
43 2112 223 2170 ligentis,
249 2113 533 2171 pulcherrima
553 2113 788 2171 promissio.
815 2113 915 2154 Ideo
937 2111 1190 2154 centesimus
1216 2121 1388 2169 quartus

47 2183 232 2225 decimus
249 2184 436 2226 Psalmus
459 2182 638 2225 Alleluia
668 2182 912 2224 inscribitur
936 2197 945 2221 :
973 2180 1153 2237 denique
1189 2197 1315 2238 supra
1348 2181 1390 2224 iu

46 2261 192 2309 quarto
220 2253 384 2295 decimo
408 2253 572 2295 Psalmo
593 2251 895 2309 perfectionem
923 2250 1103 2292 hominis
1133 2252 1384 2308 accepimus.

0 2338 11 2353 ·=
46 2322 128 2365 Sed
150 2322 233 2365 illic
255 2322 473 2370 formatus,
497 2322 706 2380 perfectus
729 2321 828 2363 licet
851 2321 928 2369 vir,
955 2321 1028 2363 sed
1053 2320 1190 2362 adhuc
1214 2330 1390 2378 peccato

11 2400 13 2402 ’
48 2393 275 2441 obnoxium
300 2392 396 2448 quia
419 2393 518 2434 vivit
540 2392 581 2433 in
604 2393 757 2434 saeculo
773 2406 782 2432 ε
798 2390 867 2432 hic
884 2406 980 2432 vera
1002 2390 1203 2447 perfectio
1223 2400 1301 2440 est,
1321 2392 1392 2433 ubi

25 2512 27 2520 χ
47 2461 130 2518 jam
148 2463 271 2519 culpa
289 2463 479 2510 cessavit,
499 2462 628 2519 gratia
646 2468 854 2518 perpetum
872 2459 1022 2516 quietis
1041 2459 1206 2501 affulsit.

97 2575 102 2587 ¹
124 2564 208 2595 Psal.
226 2575 310 2598 cxiv,
329 2564 356 2594 5.
375 2582 413 2586 ——
435 2574 444 2586 ἱ
469 2563 553 2595 lb'ul.
574 2564 605 2601 5,
626 2563 652 2593 G,
675 2580 713 2585 --
730 2564 742 2585 ³
764 2562 857 2592 Rom.
876 2572 918 2598 w,
941 2572 987 2593 ιο.
1006 2563 1077 2587 -4
1111 2561 1393 2603 Psal.cx1v,s=.--

53 2620 64 2640 ⁵
90 2619 195 2649 1C0r.
216 2629 267 2655 >2¹⁸7
286 2620 333 2655 ὗζ.

1203 2688 1237 2714 23,
