1774 3158
503 251 788 283 EPISTOLARUM
821 251 980 281 CLASSIS
1010 254 1038 282 1.
1367 256 1450 298 299

102 334 246 381 tionis,
279 341 321 375 et
357 332 412 392 pii
454 341 594 375 certus
630 331 856 380 examinis,
887 332 971 373 hoc
1001 346 1199 376 sermone
1220 333 1448 377 Relationis

102 404 316 455 assertioni
347 392 602 460 respondeo,
644 403 725 444 hoc
749 417 880 443 unum
912 411 1085 459 petens,
1114 413 1161 446 ut
1182 419 1266 446 non
1300 407 1453 448 verbo-

101 456 465 530 rum-‘elegantiam
482 505 492 521 ,
513 475 585 515 sed
604 472 686 514 vim
711 488 852 514 rerum
871 475 1178 530 expectandam
1200 485 1334 532 putes,
1356 477 1444 518 Au-

99 559 168 585 rea
192 544 303 585 enim
319 576 328 591 ,
349 543 457 584 sicut
474 543 690 599 Scriptura
706 542 843 584 diviua
863 544 988 584 docet
1005 576 1015 592 ,
1039 551 1102 584 est
1123 543 1262 600 lingua
1283 546 1446 602 sapien-

99 615 202 668 tium
227 614 551 662 litteratorum¹,
576 629 668 670 quae
690 613 914 670 phaleratis
937 614 1077 669 dotata
1095 615 1360 657 sermonibus
1375 649 1385 664 ‚
1407 626 1450 658 et

100 686 282 741 quodam
305 684 562 741 splendentis
590 683 745 740 eloquii
772 685 886 725 velut
911 683 1060 725 coloris
1077 684 1248 740 pretiosi
1273 700 1450 728 corusco

99 755 307 796 resultans
324 787 333 802 ‚
360 754 472 810 capit
491 753 729 795 animorum
749 755 893 795 oculos
912 753 1051 810 specie
1063 753 1235 795 formosi
1249 788 1259 803 ‚
1280 755 1455 812 visuque

99 824 356 881 perstringit.
381 823 464 865 Sed
488 839 636 865 aurum
657 825 760 872 hoc,
791 823 823 865 si
848 823 1090 879 diligentius
1113 838 1242 865 manu
1269 833 1422 867 tractes
1442 859 1453 880 ,

96 894 197 936 soris
222 894 403 951 pretium
421 926 431 941 ,
463 894 571 935 intus
611 895 827 935 metallum
851 902 927 935 cst.
951 892 1081 935 Yolve
1097 926 1106 941 ‚
1130 908 1270 949 quaeso
1287 926 1298 943 ‚
1329 903 1452 951 atque

97 973 248 1006 excute
264 973 421 1006 sectam
446 964 663 1021 gentilium
687 979 696 1004 ε
724 964 904 1020 pretiosa
923 971 963 1005 et
981 964 1155 1020 grandia
1175 973 1349 1013 sonant,
1364 966 1450 1008 veri

97 1035 234 1077 effoeta
255 1036 489 1077 defendunt
509 1050 516 1076 :
538 1035 672 1076 Deum
696 1037 942 1091 loquuntur,
965 1035 1237 1077 simulacrum
1259 1038 1448 1078 adorant.

154 1107 223 1147 ΙΙΙ.
262 1105 355 1147 Tria
382 1106 507 1162 igitur
536 1106 575 1146 in
593 1106 809 1148 Relatioue
837 1121 911 1146 sua
925 1106 986 1146 vir
1005 1106 1259 1148 clarissimus
1282 1108 1452 1164 praesec-

97 1183 162 1216 tus
203 1176 324 1217 Urbis
353 1175 596 1232 proposuit,
643 1191 735 1231 quzc
767 1176 900 1217 valida
939 1176 1102 1231 putavit
1135 1191 1144 1217 ε
1180 1178 1293 1232 quod
1322 1177 1454 1219 Roma

97 1253 333 1292 veteres‚ut
351 1245 420 1292 ait,
436 1261 530 1286 suos
552 1246 690 1287 cultus
713 1245 928 1300 requirat,
956 1253 997 1286 et
1021 1247 1137 1301 quod
1161 1247 1450 1288 sacerdotibus

97 1314 179 1356 suis
204 1315 519 1371 virginibusque
535 1315 774 1357 Vestalibus
792 1317 1082 1357 emolumenta
1106 1317 1329 1357 tribuenda
1344 1317 1446 1365 sint,

96 1393 138 1425 et
159 1387 274 1441 quod
310 1385 609 1427 emolumentis
632 1386 904 1427 sacerdotum
934 1385 1094 1440 negatis
1113 1418 1122 1433 ,
1147 1385 1278 1427 fames
1310 1395 1451 1428 secuta

95 1456 265 1513 publica
282 1456 347 1497 sit.

154 1524 222 1566 IV.
250 1525 297 1566 In
317 1524 448 1581 prima
471 1524 785 1581 propositione,
810 1524 940 1566 flebili
957 1525 1090 1567 Roma
1115 1534 1274 1581 quaestu
1296 1542 1454 1568 sermo-

92 1595 155 1635 nis
179 1595 430 1651 illacrymat,
459 1604 635 1640 veteres‚
663 1603 708 1635 ut
731 1594 812 1642 ait,
835 1595 974 1645 cultus
998 1595 1351 1637 caeremoniarum
1383 1612 1450 1638 re-

96 1663 279 1720 quirens.
304 1664 402 1705 Haec
427 1679 562 1713 sacra,
597 1664 748 1720 inquit,
770 1664 1021 1705 Annibalem
1049 1679 1069 1705 a
1087 1665 1313 1714 moenibus,
1344 1666 1453 1707 aCa-

95 1734 241 1790 pitolio
266 1733 456 1775 Senonas
478 1735 738 1790 repulerunt.
770 1735 915 1789 Itaque
934 1734 1034 1775 dum
1054 1748 1272 1775 sacrorum
1296 1745 1449 1791 poten-

95 1804 149 1845 tia
173 1804 450 1860 praedicatur,
474 1803 694 1845 infirmitas
713 1804 919 1860 proditur.
939 1805 1048 1861 Ergo
1061 1804 1288 1861 Annibal{1
1302 1807 1355 1847 06
1375 1807 1451 1862 bis)

96 1875 166 1916 diu
191 1875 319 1916 sacris
338 1875 551 1916 insultavit
572 1876 770 1917 Romanis
787 1908 796 1922 ‚
825 1883 867 1916 et
887 1875 964 1917 diis
984 1870 1129 1916 Contra
1151 1891 1194 1917 se
1213 1876 1451 1918 dimicanti—

95 1946 327 2001 bus‚usque
338 1946 388 1986 ad
399 1960 542 1986 muros
555 1945 676 1986 [rbis
692 1945 896 1986 vincendo
906 1945 1107 2002 pervenit.
1121 1945 1260 1986 Curse
1270 1947 1455 1989 obsideri

94 2015 202 2072 passi
220 2023 340 2062 sunt,
364 2029 439 2071 pro
457 2015 610 2070 quibus
630 2014 804 2056 deorum
824 2029 998 2056 suorum
1031 2010 1451 2072 armaspugnabant?

153 2085 200 2126 V.
238 2085 341 2127 Nam
365 2087 415 2126 de
443 2073 684 2126 Senonibus
718 2085 815 2141 quid
841 2085 1011 2140 loquar,
1039 2075 1147 2140 quos
1168 2086 1361 2142 Capitolii
1385 2104 1446 2130 se-

92 2163 205 2196 creta
231 2164 501 2211 penetrantes
521 2156 721 2197 Romanae
736 2155 921 2211 reliquiae
939 2169 1022 2195 non
1048 2155 1261 2208 tulisse-nu
1284 2156 1359 2197 nisi
1375 2173 1445 2200 eos

93 2224 244 2280 pavido
273 2239 393 2266 anser
417 2225 592 2282 strepitu
621 2224 982 2282 prodidissetPEn
1007 2225 1149 2280 quales
1178 2227 1332 2282 templa
1357 2227 1444 2270 Ro-

92 2309 214 2335 mana
232 2296 427 2350 praesules
445 2295 615 2337 habent.
633 2295 710 2337 Ubi
728 2304 828 2337 tunc
846 2294 1111 2351 eratJupiter
1124 2294 1141 2336 Ξ)
1155 2295 1220 2337 An
1241 2296 1282 2337 iu
1300 2311 1444 2340 ansere

91 2365 374 2421 loquebatur?

150 2434 217 2476 Vt.
245 2433 403 2476 Verum
425 2436 524 2491 quid
545 2451 692 2492 negem
712 2450 929 2478 sacrorum
948 2436 1052 2477 ritus
1076 2436 1273 2478 militasse
1289 2437 1438 2479 Roma-

92 2505 189 2547 nis?
213 2505 298 2547 Sed
315 2505 441 2548 etiam
463 2489 647 2549 Aunfiuil
669 2508 839 2549 eosdem
858 2507 960 2550 deos
991 2508 1169 2550 colebat.
1205 2509 1352 2550 [Jtrum
1376 2523 1452 2552 vo-

142 2605 148 2619 ¹
170 2596 266 2629 Eccli.
288 2608 337 2631 vi.
358 2608 408 2629 ιι.
