1774 3158
257 273 340 314 518
758 281 1096 311 ANNOTATJONES.

257 370 370 404 creta
401 361 596 403 mandata
638 360 864 402 utebantur
893 360 1190 418 imperatores,
1231 360 1391 403 scilicet
1428 360 1598 407 notarii,

252 431 411 474 tribuni
435 440 477 472 et
508 432 697 472 comites.
727 429 1024 472 Verumtamen
1063 430 1138 471 illae
1164 429 1384 486 dignitates
1403 444 1600 471 nonnun-

253 515 380 558 quam
418 501 458 541 in
492 514 574 541 uno
601 500 773 543 homine
803 501 1100 542 coalescebant
1126 514 1135 540 t
1175 498 1295 555 cujus
1331 499 1391 540 rei
1420 499 1599 555 plurima

253 571 438 628 suggerit
472 572 664 628 exempla
707 570 958 614 Godesridus
995 571 1046 612 ad
1087 571 1167 626 leg.
1215 585 1252 617 1,
1277 571 1328 610 de
1368 568 1600 612 ulandans

250 642 536 699 principum,
565 649 607 683 et
630 656 706 683 nos
744 641 850 683 infra
872 655 1005 682 unum
1031 640 1072 681 in
1095 638 1450 682 Ambrosiilibello
1478 653 1604 696 repe-

253 712 423 753 riemus.
447 710 544 768 Agit
561 712 613 753 de
629 711 792 754 notario
811 711 1088 768 Bulengerus‚
1113 710 1185 751 lib.
1214 725 1269 759 vl,
1295 724 1385 766 cap.
1415 711 1453 750 5.

593 873 839 902 ANNOTATIO
878 858 1006 914 (123)
1043 872 1136 914 pag.
1174 856 1273 898 333.

319 1001 364 1041 In
393 998 563 1055 antiquo
581 996 737 1038 foedere
754 1011 775 1037 a
792 994 986 1036 Samuele
1009 992 1108 1034 Saul
1121 1000 1162 1034 et
1186 992 1320 1034 David
1341 991 1458 1033 uncti
1476 991 1613 1039 fuere,

265 1084 312 1111 ac
336 1069 536 1111 Salomon
559 1082 579 1108 a
602 1065 808 1123 propheta
828 1063 1004 1106 Nathan.
1022 1062 1155 1117 Reges
1182 1076 1280 1103 vero
1301 1060 1399 1102 Saul
1416 1069 1458 1102 et
1475 1060 1613 1109 Ozias,

264 1153 361 1180 cum
386 1137 645 1180 sacerdotale
666 1150 822 1178 munus
844 1140 1131 1190 usurpassent,
1147 1132 1187 1174 in
1204 1145 1373 1189 gravem
1389 1130 1466 1172 Dei
1483 1128 1618 1173 offen-

266 1224 352 1251 sam
375 1208 628 1251 inciderunt.

606 1357 852 1387 ANNOTATlo
887 1341 1009 1397 (124)
1046 1355 1138 1398 pag.
1178 1343 1274 1398 337.

332 1481 592 1523 Sozomenus
619 1479 690 1521 lib.
716 1493 772 1526 v1,
800 1491 890 1534 cap.
920 1491 962 1533 7,
984 1475 1112 1518 refert
1135 1475 1342 1532 episcopis
1363 1472 1628 1531 Hellesponti

275 1568 321 1595 ac
338 1552 546 1610 Bithyniae
565 1567 586 1592 a
604 1549 897 1593 Valentiniano
918 1548 1244 1605 postulantibus,
1265 1556 1311 1587 ut
1329 1545 1388 1587 ad
1409 1545 1627 1601 corrigen-

276 1626 382 1665 dam
402 1622 509 1680 fidei
531 1623 779 1663 doctrinam
799 1619 1034 1660 convenire
1053 1618 1428 1673 permitterentur,
1454 1616 1630 1673 impera-

279 1703 413 1736 torem
433 1694 492 1735 sic
511 1690 774 1749 respondisse
795 1705 803 1731 τ
836 1689 950 1729 Mihi
969 1688 1146 1743 quidem
1170 1689 1218 1728 in
1242 1687 1454 1729 laicorum
1478 1685 1630 1727 ordine

278 1764 509 1806 constituto
528 1764 594 1820 fiis
616 1776 702 1803 non
727 1771 786 1802 est
810 1759 1068 1816 hujusmodi
1089 1760 1263 1816 ‘negotia
1280 1758 1493 1799 curiosius
1514 1770 1632 1796 scru-

279 1835 371 1876 tari
392 1833 660 1876 :sacerdotes
680 1845 804 1880 vero,
831 1829 988 1886 quibus
1010 1829 1056 1870 id
1077 1844 1194 1870 curce
1216 1838 1275 1869 est
1290 1861 1300 1877 ‚
1325 1842 1517 1869 seorsum
1540 1824 1632 1868 ubi-

281 1920 464 1960 cumque
479 1904 696 1946 voluerint
714 1935 723 1950 ,
744 1901 1016 1943 conveniant.
1046 1899 1151 1950 Quae
1171 1913 1270 1940 sane
1296 1913 1393 1939 cum
1419 1894 1631 1940 Ambrosii

280 1975 418 2018 verbis
445 1974 623 2032 pulchre
650 1971 894 2014 concinunt.
929 1969 1011 2012 Sed
1038 1969 1101 2011 his
1134 1970 1288 2010 addere
1309 1968 1435 2010 etiam
1460 1967 1631 2015 liceret,

283 2061 375 2103 quae
397 2053 688 2086 memorantur
706 2057 726 2083 a
749 2042 1043 2088 Theodoreto,
1073 2040 1143 2082 lib.
1168 2055 1224 2085 Ν,
1250 2054 1339 2096 cap.
1372 2042 1420 2085 63
1449 2052 1527 2079 nec
1550 2051 1632 2078 non

281 2134 371 2175 quae
397 2117 562 2162 Marca,
598 2114 669 2155 lib.
713 2128 757 2153 11.
794 2111 1078 2158 Coneordice,
1112 2125 1201 2167 cap.
1231 2110 1281 2157 6,
1307 2117 1349 2150 et
1385 2124 1476 2164 quae
1510 2123 1636 2164 super

279 2186 490 2230 Ambrosii
513 2182 780 2226 ordinatione
810 2181 1008 2239 disputat.
1036 2181 1163 2231 Quod
1196 2188 1335 2221 autem
1359 2180 1410 2220 ad
1430 2180 1542 2236 leges
1566 2178 1636 2220 hic

281 2257 534 2312 designatas,
549 2253 755 2296 Baronius
777 2253 827 2294 ad
850 2267 914 2294 an.
944 2251 1203 2308 569‚censet
1220 2249 1448 2291 indicatam
1470 2264 1561 2290 esse
1585 2248 1637 2290 ab

282 2327 506 2370 Ambrosio
529 2324 808 2367 Valentiniani
828 2324 966 2379 legem
993 2337 1056 2363 xx.
1091 2321 1293 2374 Quorum
1307 2321 1636 2379 appellationes.

280 2398 364 2440 Sed
387 2412 407 2439 a
437 2394 665 2437 Godefrido
690 2394 732 2435 in
756 2393 949 2434 eamdem
969 2393 1104 2448 legem
1128 2391 1344 2432 refellitur.
1364 2389 1639 2433 Verisimilius

279 2483 379 2525 ergo
407 2476 604 2524 putamus
632 2466 793 2521 legem,
835 2464 886 2504 de
909 2477 989 2519 qua
1018 2462 1086 2503 hie
1123 2461 1394 2507 Ambrosius,
1432 2459 1517 2515 jam
1554 2473 1641 2501 non

275 2547 431 2581 extare.
460 2537 551 2579 Atia
588 2550 683 2577 vero
720 2534 901 2576 habetur
935 2547 1045 2575 anno
1069 2532 1182 2589 576,
1213 2532 1308 2574 data
1342 2529 1529 2573 Gratiani
1567 2543 1642 2571 no-

274 2610 387 2652 mine
403 2641 413 2658 ‚
438 2622 591 2664 nempe
617 2620 722 2649 xxm
740 2638 750 2654 ,
775 2620 857 2663 qua
882 2604 1080 2662 jubetur,
1108 2612 1155 2646 ιιι
1175 2602 1215 2645 si
1245 2617 1333 2658 qua
1353 2609 1456 2644 sunt
1477 2615 1532 2642 ex
1549 2599 1643 2655 qui-
