1774 3158
509 305 792 335 EPISTOLARUM
825 300 984 335 cussis
1017 308 1044 335 1.
1382 310 1465 351 219

176 383 264 427 Vll.
302 384 462 427 Gomor
482 400 581 443 ergo
604 401 800 429 mensura
824 395 909 435 cst,
934 395 976 429 ct
995 402 1191 429 mensura
1224 388 1331 437 vini,
1354 389 1468 446 quod

116 454 299 498 laetificat
338 469 412 497 cor
445 455 667 498 hominis&
699 457 811 508 Quid
833 465 972 498 autem
997 457 1075 499 nisi
1104 458 1316 513 sapientia:
1342 467 1466 516 potus

117 524 360 581 jucunditas
381 525 518 567 cordis
535 526 630 568 est?
652 523 741 568 Hoc
759 536 820 568 est
845 528 946 568 illud
970 526 1112 568 vinum
1128 560 1137 575 ‚
1162 529 1275 583 quod
1292 528 1474 571 miscuit

123 596 166 637 in
189 604 350 638 cratere
372 596 583 654 Sapientia
602 597 615 618 ²
631 630 641 645 ,
684 607 724 640 et
746 597 868 640 offert
889 597 1122 639 bibendum
1137 630 1146 645 ‚
1176 607 1222 639 ut
1248 614 1462 642 sumamus

120 667 240 708 nobis
255 667 526 710 sobrietatem
541 670 860 725 etprudentiam
878 684 886 710 :
905 670 1020 726 quod
1031 684 1077 710 ea
1093 668 1472 724 {equalitatetrans

119 737 238 779 fundi
264 746 429 794 oportet
451 739 641 781 sensibus
667 748 709 782 et
730 740 1056 797 cogitationibus
1071 739 1224 781 nostris
1241 771 1251 788 ,
1273 748 1314 782 et
1338 740 1473 782 omni-

118 808 196 849 bus
224 808 431 857 motibus,
464 809 536 865 qui
573 809 682 851 intra
716 810 826 852 hanc
864 818 1051 852 nostram
1081 819 1178 851 sunt
1201 810 1401 858 domum3
1430 817 1476 851 ut

119 878 297 920 sciamus
314 893 433 936 posse
457 880 674 922 abundare
697 880 895 922 omnibus
910 913 920 929 ‚
940 879 1121 922 deficere
1144 879 1264 921 nulli.

177 948 286 992 VIII.
325 949 490 992 Plenius
508 958 649 993 autem
672 953 724 993 de
752 952 954 1008 sanguine
996 951 1151 993 Christi
1188 949 1439 1007 intelligitur
1463 982 1474 999 ,

120 1020 239 1076 cujus
262 1021 312 1062 ad
338 1021 513 1078 gratiam
540 1021 651 1064 nihil
683 1023 889 1064 minuitur
908 1052 918 1071 ,
948 1022 1054 1064 nihil
1077 1020 1337 1078 adjungitur.
1369 1020 1420 1062 Et
1446 1020 1480 1062 si

116 1105 263 1147 parum
286 1106 424 1133 sumas
441 1124 451 1139 ,
487 1099 528 1133 et
566 1093 598 1134 si
621 1093 851 1150 plurimum
874 1093 1041 1135 haurias
1063 1125 1072 1140 ‚
1100 1093 1250 1133 eadem
1281 1090 1470 1148 perfecta

120 1169 182 1203 est
199 1162 396 1204 omnibus
420 1178 614 1205 mensura
636 1163 954 1220 redemptionis.

179 1232 253 1275 IX.
288 1233 445 1275 Pascha
468 1249 637 1291 quoque
659 1234 856 1283 Domini,
882 1233 964 1276 hoc
988 1242 1077 1283 est,
1100 1248 1253 1291 agnum
1271 1266 1281 1281 ‚
1321 1233 1375 1274 ita
1410 1248 1479 1290 pa-

123 1311 204 1345 tres
228 1304 388 1361 epulari
410 1305 659 1361 jubentur³,
683 1314 730 1347 ut
747 1307 1225 1348 secundumnumerum
1244 1304 1481 1346 animarum

122 1374 346 1430 epulentur
363 1389 533 1417 suarum
549 1408 559 1423 ‚
580 1391 718 1432 neque
735 1376 877 1433 plnres
894 1408 904 1423 ,
923 1390 1060 1432 neque
1081 1374 1301 1431 pauciores
1318 1390 1326 1414 z
1343 1388 1481 1430 neque

125 1443 211 1485 aliis
236 1445 327 1501 plus
352 1445 440 1486 dari
457 1477 465 1489 .
491 1445 579 1486 aliis
600 1445 739 1487 minus
757 1478 767 1494 ‚
793 1445 868 1487 sed
892 1446 1131 1487 secundum
1155 1445 1312 1486 animas
1339 1445 1482 1501 singu-

122 1515 286 1563 lorum3
311 1530 364 1557 ne
387 1524 457 1558 aut
491 1516 684 1558 fortiores
706 1516 885 1574 amplius
911 1524 1106 1565 sumant,
1134 1506 1484 1557 aut-infirmiores

124 1585 277 1628 minus.
303 1586 443 1629 Gratia
462 1587 575 1629 enirn
598 1588 769 1645 aequalis
791 1588 966 1645 singulis
990 1587 1193 1629 dividitur
1209 1620 1219 1635 ‚
1246 1586 1485 1644 redemptio

126 1655 347 1705 dividitur,
373 1658 531 1699 donum
560 1657 772 1700 dividitur.
795 1657 940 1714 ‘Neque
961 1659 1103 1715 plures
1122 1665 1288 1715 oportet
1310 1672 1418 1706 esse,
1433 1673 1484 1699 ne

126 1727 218 1783 quis
238 1742 393 1770 vacuus
430 1729 517 1786 spei
557 1737 599 1770 et
621 1729 926 1786 redemptionis
963 1729 1148 1770 recedat.
1184 1728 1331 1770 Plures
1363 1735 1485 1776 sunt,

126 1800 294 1854 quando
319 1798 444 1856 aliqui
468 1808 582 1841 extra
606 1814 832 1840 numerum
857 1807 955 1841 sunt
979 1814 988 1841 ε
1013 1798 1149 1841 sancti
1174 1807 1315 1841 autem
1342 1813 1488 1840 nume-

127 1870 206 1911 rati
222 1878 321 1911 sunt
344 1885 489 1911 omnes
505 1902 514 1918 ‚
536 1879 579 1911 et
606 1869 745 1927 capilli
771 1885 945 1918 eornm;
970 1871 1167 1927 cognovit
1190 1870 1301 1912 enim
1340 1869 1490 1912 Domi-

128 1955 206 1981 nus
230 1941 300 1996 qui
324 1949 421 1981 sunt
458 1940 586 1996 ipsius
602 1939 614 1960 ‘⁸
637 1955 645 1981 :
670 1955 808 1996 neque
843 1940 1064 1997 pauciores
1080 1973 1090 1989 ,
1121 1955 1174 1982 ne
1195 1939 1487 1997 magnitudine
1529 1963 1534 1967 «

128 2010 271 2067 gratiae
295 2010 346 2052 sit
374 2011 426 2051 ad
448 2010 738 2067 recipiendum
765 2009 985 2053 infirmior.

187 2080 243 2123 X.
272 2079 324 2121 Et
353 2079 445 2121 ideo
470 2081 917 2137 01nnesa¹qualitatem
959 2080 1194 2123 devotionis
1230 2087 1272 2122 et
1295 2077 1394 2121 fidei
1413 2079 1489 2121 de-

129 2149 240 2192 ferre
260 2150 450 2207 praecipit
478 2151 529 2191 ad
549 2150 706 2192 Pascha
733 2151 922 2199 Domini,
949 2151 990 2192 id
1027 2158 1115 2201 est,
1159 2151 1210 2191 ad
1247 2148 1484 2191 transitum.

129 2220 289 2263 Pascha
311 2229 451 2262 autem
478 2219 584 2270 est⁵,
610 2221 779 2278 quando
803 2223 939 2263 anima
962 2221 1292 2263 irrationabilem
1315 2218 1489 2276 deponit

130 2291 394 2348 passion0m3
415 2292 542 2333 sumit
564 2300 703 2333 autem
726 2293 881 2334 bonam
909 2291 1244 2348 compassionem
1260 2323 1270 2339 ,
1296 2297 1342 2331 ut
1363 2303 1485 2331 com-

133 2361 317 2418 patiatur
342 2361 510 2404 Christo
527 2396 538 2412 ,
562 2370 604 2404 et
625 2363 848 2404 transitum
872 2362 963 2418 ejus
990 2363 1031 2404 in
1050 2377 1093 2404 se
1114 2360 1340 2418 suscipiat,
1359 2368 1406 2401 ut
1422 2359 1483 2400 in-

133 2431 296 2474 habitet
318 2432 358 2474 in
379 2448 426 2475 ea
444 2465 455 2482 ‚
481 2441 522 2475 et
542 2435 808 2481 deambulet,
838 2442 880 2476 et
901 2432 973 2475 fiat
994 2432 1085 2490 ejus
1107 2432 1232 2475 Deus.
1256 2429 1489 2474 Gratiaita‹

135 2518 218 2560 que
235 2504 404 2561 aequalis
426 2520 504 2563 per
524 2520 692 2554 omnes,
722 2505 855 2547 virtus
878 2512 1018 2547 autem
1041 2503 1201 2545 diversa
1233 2502 1275 2544 in
1297 2500 1482 2557 singulis.

183 2616 192 2631 ¹
210 2607 292 2640 Psal
314 2619 387 2645 cui,
410 2610 459 2641 15.
474 2627 514 2635 —
531 2619 543 2634 ⁸
562 2610 658 2643 Prov'.
681 2620 726 2650 ιι,
747 2619 778 2642 2.
793 2625 833 2634 -
852 2610 865 2633 ³
882 2607 983 2641 Exod.
1001 2618 1062 2647 xn,
1081 2607 1113 2643 ιὶ.
1130 2607 1193 2632 -4
1213 2603 1331 2637 Matth.
1351 2612 1383 2641 vt,
1398 2601 1494 2634 30.-

140 2665 152 2686 ⁵
175 2664 282 2697 »Con
299 2675 342 2701 vr,
359 2664 391 2696 8.
