1774 3158
627 272 944 303 AANOTATmNES
1386 257 1443 313 47
1455 252 1477 291 3

112 349 232 391 adeat
249 365 342 407 quae
366 367 439 393 nos
463 353 753 394 annotavimus
771 351 810 392 in
838 360 949 393 tomo
972 349 1167 392 Auctoris
1186 349 1318 392 nostri
1337 349 1462 391 tertio

112 433 204 476 pag.
240 422 344 474 490,
370 431 511 464 annot.
541 438 603 479 ¹9·

489 583 729 611 ANNO'rA'rio
765 568 852 625 (20)
888 583 980 625 pag.
1023 569 1090 623 57.

173 707 266 749 Duo
284 715 380 748 sunt
398 721 521 762 quam
542 706 819 748 diversissima
847 704 1204 746 immortalitatem
1235 703 1469 745 animarum

116 776 311 824 erodere,
351 785 391 817 et
423 791 647 832 corporum
691 775 1056 817 resurrectionem.
1092 774 1275 816 Primam
1307 781 1470 829 partem

118 845 239 887 multi
264 845 500 902 philosophi
522 854 770 891 tenuerunt,
801 859 980 900 quorum
1004 843 1192 885 omnium
1219 844 1370 884 ducem
1406 856 1473 883 ex-

116 915 248 957 titisse
285 915 576 963 Phericidem,
616 931 636 956 a
670 932 751 972 quo
781 931 873 957 eam
906 914 1155 956 sententiam
1186 913 1470 969 Pythagoras,

117 986 257 1036 Plato,
282 986 433 1042 aliique
458 986 695 1033 hauserint,
718 986 866 1027 litteris
886 983 1111 1040 prodidere
1129 982 1290 1025 Tullius
1307 1014 1316 1028 ,
1339 981 1409 1022 lib.
1441 996 1471 1028 ι,

125 1057 250 1098 Tusc.
280 1058 458 1109 Quaen„
487 1073 570 1098 non
599 1059 722 1112 longe
747 1057 796 1098 ab
826 1056 966 1103 initio,
993 1055 1255 1101 Lactantius,
1287 1053 1358 1094 lib.
1387 1067 1469 1100 vu,

122 1127 173 1167 cle
236 1126 307 1167 'ita
337 1127 483 1175 beata,
523 1142 638 1168 num.
674 1128 710 1167 8.
743 1126 1022 1182 Augustinus,
1050 1126 1168 1182 epist.
1201 1138 1385 1170 cxxxvn,
1415 1121 1475 1162 ad

126 1196 294 1247 Volua„
315 1213 429 1238 num.
464 1213 536 1244 11,
562 1206 603 1238 et
622 1198 740 1239 multi
765 1198 848 1238 alii.
872 1197 997 1248 Quod
1016 1205 1154 1237 autom
1174 1196 1224 1236 ad
1243 1194 1474 1235 secundam

125 1267 365 1315 veritatem,
392 1283 488 1308 cum
516 1268 626 1309 illam
651 1268 675 1308 ii
700 1268 773 1310 soli
805 1267 1010 1308 haberent
1039 1265 1272 1322 cognitam,
1306 1263 1377 1320 qui
1407 1278 1472 1303 ve-

124 1352 216 1378 rum
237 1340 374 1378 Deum
399 1353 482 1378 non
508 1337 778 1394 ignorabant,
800 1336 957 1378 ethnici
986 1335 1223 1392 philosophi
1247 1335 1298 1375 de
1328 1332 1476 1375 animm

127 1423 148 1448 a
179 1409 392 1464 corporeis
427 1408 601 1449 vinculis
637 1408 835 1449 ahsolutae
867 1416 978 1448 statu
1013 1406 1255 1462 gravissime
1289 1405 1396 1445 inter
1433 1417 1477 1444 se

127 1476 394 1519 dissidebant.
426 1478 707 1519 Celeberrima
727 1492 873 1518 eorum
897 1477 975 1518 fuit
998 1476 1139 1533 opinio
1156 1507 1166 1522 ,
1193 1474 1263 1530 qui
1282 1489 1304 1515 e
1325 1474 1479 1529 corpo-

127 1548 243 1589 ribus
283 1549 322 1589 in
365 1550 440 1590 alia
479 1564 657 1604 corpora
691 1549 925 1605 demigrare
962 1548 1120 1588 animas
1164 1543 1476 1586 existimabant.

130 1619 247 1660 Hanc
275 1622 473 1661 edoctum
498 1620 549 1660 ab
574 1619 778 1676 AEgyptiis
799 1619 1083 1675 Pythagoram
1103 1617 1229 1658 fuisse
1253 1624 1400 1656 auctor
1422 1622 1484 1655 est

129 1692 367 1732 Herodotus
405 1691 451 1729 in
491 1690 681 1743 Euterpe
711 1704 724 1729 .·
760 1689 976 1730 Platonem
1009 1702 1106 1728 vero
1139 1686 1275 1728 eidem
1312 1699 1482 1740 quoque

132 1761 323 1802 amentia:
348 1775 502 1800 nomen
526 1760 687 1800 dedisse
713 1758 959 1800 Ambrosius
984 1759 1063 1799 hoc
1086 1757 1194 1798 libro
1212 1790 1221 1804 ‚
1257 1765 1299 1798 et
1317 1756 1484 1812 Augus-

132 1832 258 1881 tinus,
286 1833 357 1873 lib.
383 1848 422 1878 x,
444 1832 494 1872 de
520 1831 654 1873 Civit.
685 1832 782 1879 Dei,
817 1846 908 1887 cap.
938 1830 1016 1876 δυ,
1045 1828 1333 1871 testificantur.
1366 1825 1483 1868 Multi

135 1911 273 1945 tamen
298 1903 547 1944 nobiliorem
572 1903 718 1944 animae
743 1910 835 1958 post
855 1900 1108 1943 solutionem
1128 1899 1317 1956 eorporis
1346 1897 1489 1940 condi-

135 1974 290 2016 tionem
316 1974 622 2021 attribuerunt,
648 1988 727 2029 qua
754 1973 804 2013 de
832 1987 876 2013 re
900 1972 1072 2013 consule
1098 1970 1370 2017 Ciceronem.
1406 1969 1478 2011 lib.

135 2046 188 2086 de
226 2044 409 2086 Somnio
444 2043 561 2098 Scip.
609 2052 731 2099 atque
771 2041 894 2089 alibi,
926 2042 1226 2088 Plutarchum,
1252 2041 1326 2083 lib.
1365 2056 1403 2088 v,
1439 2040 1491 2081 de

137 2116 322 2159 Placice‘s
341 2115 400 2157 Ple
410 2115 585 2172 [loseph.
599 2147 610 2163 ,
630 2129 718 2172 cap.
746 2130 786 2169 7,
810 2114 892 2155 imo
910 2113 1128 2155 Platonem
1148 2113 1284 2170 ipsum
1304 2112 1342 2154 in
1368 2111 1489 2154 Plue-

138 2186 249 2228 done
264 2218 275 2236 ,
297 2196 338 2228 ct
356 2186 467 2227 alibi.

517 2337 759 2364 ANNOTATIO
795 2323 884 2376 (21)
923 2334 1016 2378 pag.
1057 2321 1122 2376 59.

205 2460 453 2502 Visceribus
476 2474 645 2502 carnem
671 2456 895 2514 significari
928 2456 1025 2499 alibi
1057 2455 1142 2512 jam
1177 2454 1381 2500 diximus,
1412 2467 1495 2508 quo

145 2547 270 2575 sensu
295 2531 440 2574 eadem
470 2547 549 2573 vox
577 2530 647 2572 hic
681 2538 723 2572 et
751 2529 856 2571 infra
885 2529 1015 2571 semel
1045 2536 1170 2584 atque
1197 2525 1348 2568 iterum
1373 2538 1496 2566 usur-

146 2612 282 2662 patur.
