<?xml version="1.0" encoding="UTF-8"?>
<!DOCTYPE html PUBLIC "-//W3C//DTD XHTML 1.0 Transitional//EN"
    "http://www.w3.org/TR/xhtml1/DTD/xhtml1-transitional.dtd">
<html xmlns="http://www.w3.org/1999/xhtml" xml:lang="en" lang="en">
 <head>
  <title>
</title>
<meta http-equiv="Content-Type" content="text/html;charset=utf-8" />
  <meta name='ocr-system' content='tesseract 3.04.00' />
  <meta name='ocr-capabilities' content='ocr_page ocr_carea ocr_par ocr_line ocrx_word'/>
</head>
<body>
  <div class='ocr_page' id='page_1' title='image "./omniaequaeextant08ambruoft_0105.png"; bbox 0 0 1774 3158; ppageno 0'>
   <div class='ocr_carea' id='block_1_1' title="bbox 0 2143 16 2503">
    <p class='ocr_par' dir='ltr' id='par_1_1' title="bbox 0 2143 16 2503">
     <span class='ocr_line' id='line_1_1' title="bbox 0 2143 16 2503; baseline 0 655"><span class='ocrx_word' id='word_1_1' title='bbox 0 2143 16 2503; x_wconf 95' lang='lat' dir='ltr'> </span> 
     </span>
    </p>
   </div>
   <div class='ocr_carea' id='block_1_2' title="bbox 339 285 1427 330">
    <p class='ocr_par' dir='ltr' id='par_1_2' title="bbox 339 285 1427 330">
     <span class='ocr_line' id='line_1_2' title="bbox 339 285 1427 330; baseline 0.001 -17"><span class='ocrx_word' id='word_1_2' title='bbox 339 287 389 313; x_wconf 76' lang='lat' dir='ltr'>DR</span> <span class='ocrx_word' id='word_1_3' title='bbox 422 285 545 312; x_wconf 81' lang='lat' dir='ltr'>OBITU</span> <span class='ocrx_word' id='word_1_4' title='bbox 581 285 884 312; x_wconf 78' lang='lat' dir='ltr'>VALENTINIANI</span> <span class='ocrx_word' id='word_1_5' title='bbox 919 286 1189 314; x_wconf 40' lang='lat' dir='ltr'>coNsoilATio.</span> <span class='ocrx_word' id='word_1_6' title='bbox 1375 286 1427 330; x_wconf 75' lang='grc'>97</span> 
     </span>
    </p>
   </div>
   <div class='ocr_carea' id='block_1_3' title="bbox 86 362 1445 2597">
    <p class='ocr_par' dir='ltr' id='par_1_3' title="bbox 86 362 1441 1191">
     <span class='ocr_line' id='line_1_3' title="bbox 86 362 1429 420; baseline -0.001 -14"><span class='ocrx_word' id='word_1_7' title='bbox 86 364 265 420; x_wconf 81' lang='lat' dir='ltr'>impletae</span> <span class='ocrx_word' id='word_1_8' title='bbox 287 379 296 404; x_wconf 76' lang='grc' dir='ltr'>ε</span> <span class='ocrx_word' id='word_1_9' title='bbox 318 365 390 405; x_wconf 87' lang='lat' dir='ltr'>sed</span> <span class='ocrx_word' id='word_1_10' title='bbox 415 363 573 406; x_wconf 87' lang='lat' dir='ltr'>utinam</span> <span class='ocrx_word' id='word_1_11' title='bbox 596 362 748 404; x_wconf 81' lang='lat' dir='ltr'>viventi</span> <span class='ocrx_word' id='word_1_12' title='bbox 773 362 846 404; x_wconf 90' lang='lat' dir='ltr'>tibi</span> <span class='ocrx_word' id='word_1_13' title='bbox 874 362 985 403; x_wconf 84' lang='lat' dir='ltr'>huuc</span> <span class='ocrx_word' id='word_1_14' title='bbox 1010 363 1207 404; x_wconf 74' lang='lat' dir='ltr'>deberem</span> <span class='ocrx_word' id='word_1_15' title='bbox 1234 371 1395 404; x_wconf 81' lang='lat' dir='ltr'>reatum</span> <span class='ocrx_word' id='word_1_16' title='bbox 1420 365 1429 404; x_wconf 83' lang='lat'>1</span> 
     </span>
     <span class='ocr_line' id='line_1_4' title="bbox 88 433 1431 491; baseline -0.001 -15"><span class='ocrx_word' id='word_1_17' title='bbox 88 435 338 476; x_wconf 79' lang='lat' dir='ltr'>Excusarem</span> <span class='ocrx_word' id='word_1_18' title='bbox 360 436 473 491; x_wconf 88' lang='lat' dir='ltr'>quod</span> <span class='ocrx_word' id='word_1_19' title='bbox 501 436 612 475; x_wconf 88' lang='lat' dir='ltr'>nulla</span> <span class='ocrx_word' id='word_1_20' title='bbox 634 443 701 475; x_wconf 88' lang='lat' dir='ltr'>tua</span> <span class='ocrx_word' id='word_1_21' title='bbox 724 434 929 475; x_wconf 81' lang='lat' dir='ltr'>audissem</span> <span class='ocrx_word' id='word_1_22' title='bbox 953 433 1136 490; x_wconf 84' lang='lat' dir='ltr'>pericula</span> <span class='ocrx_word' id='word_1_23' title='bbox 1152 466 1162 481; x_wconf 85' lang='lat'>‚</span> <span class='ocrx_word' id='word_1_24' title='bbox 1187 435 1320 476; x_wconf 88' lang='lat' dir='ltr'>nullas</span> <span class='ocrx_word' id='word_1_25' title='bbox 1343 443 1431 476; x_wconf 77' lang='lat' dir='ltr'>tuas</span> 
     </span>
     <span class='ocr_line' id='line_1_5' title="bbox 88 502 1434 561; baseline -0.001 -16"><span class='ocrx_word' id='word_1_26' title='bbox 88 504 338 561; x_wconf 75' lang='lat' dir='ltr'>accepissem</span> <span class='ocrx_word' id='word_1_27' title='bbox 357 504 514 546; x_wconf 76' lang='lat' dir='ltr'>litteras</span> <span class='ocrx_word' id='word_1_28' title='bbox 531 536 539 551; x_wconf 82' lang='lat'><strong>,</strong></span> <span class='ocrx_word' id='word_1_29' title='bbox 560 505 673 560; x_wconf 88' lang='lat' dir='ltr'>quod</span> <span class='ocrx_word' id='word_1_30' title='bbox 698 518 781 544; x_wconf 88' lang='lat' dir='ltr'>non</span> <span class='ocrx_word' id='word_1_31' title='bbox 802 502 1030 559; x_wconf 88' lang='lat' dir='ltr'>potuissem</span> <span class='ocrx_word' id='word_1_32' title='bbox 1052 504 1230 559; x_wconf 87' lang='lat' dir='ltr'>propriis</span> <span class='ocrx_word' id='word_1_33' title='bbox 1251 504 1434 546; x_wconf 82' lang='lat' dir='ltr'>animali-</span> 
     </span>
     <span class='ocr_line' id='line_1_6' title="bbox 87 573 1434 628; baseline 0 -13"><span class='ocrx_word' id='word_1_34' title='bbox 87 574 163 615; x_wconf 88' lang='lat' dir='ltr'>bus</span> <span class='ocrx_word' id='word_1_35' title='bbox 185 589 431 623; x_wconf 88' lang='lat' dir='ltr'>occurrere,</span> <span class='ocrx_word' id='word_1_36' title='bbox 457 574 618 615; x_wconf 76' lang='lat' dir='ltr'>etiamsi</span> <span class='ocrx_word' id='word_1_37' title='bbox 641 574 718 614; x_wconf 91' lang='lat' dir='ltr'>iter</span> <span class='ocrx_word' id='word_1_38' title='bbox 741 573 948 628; x_wconf 81' lang='lat' dir='ltr'>ingressus</span> <span class='ocrx_word' id='word_1_39' title='bbox 971 588 1115 613; x_wconf 78' lang='lat' dir='ltr'>essem.</span> <span class='ocrx_word' id='word_1_40' title='bbox 1146 574 1290 628; x_wconf 87' lang='lat' dir='ltr'>Itaque</span> <span class='ocrx_word' id='word_1_41' title='bbox 1318 589 1434 615; x_wconf 86' lang='lat' dir='ltr'>sccu-</span> 
     </span>
     <span class='ocr_line' id='line_1_7' title="bbox 87 642 1437 699; baseline 0 -15"><span class='ocrx_word' id='word_1_42' title='bbox 87 658 155 684; x_wconf 88' lang='lat' dir='ltr'>rus</span> <span class='ocrx_word' id='word_1_43' title='bbox 173 643 302 684; x_wconf 83' lang='lat' dir='ltr'>veniae</span> <span class='ocrx_word' id='word_1_44' title='bbox 317 676 326 691; x_wconf 94' lang='lat'><strong>,</strong></span> <span class='ocrx_word' id='word_1_45' title='bbox 349 645 446 684; x_wconf 87' lang='lat' dir='ltr'>dum</span> <span class='ocrx_word' id='word_1_46' title='bbox 467 643 551 684; x_wconf 83' lang='lat' dir='ltr'>dies</span> <span class='ocrx_word' id='word_1_47' title='bbox 571 642 758 683; x_wconf 79' lang='lat' dir='ltr'>subduco</span> <span class='ocrx_word' id='word_1_48' title='bbox 772 673 782 689; x_wconf 89' lang='lat'><strong><em>,</em></strong></span> <span class='ocrx_word' id='word_1_49' title='bbox 805 643 1006 683; x_wconf 78' lang='lat' dir='ltr'>adventus</span> <span class='ocrx_word' id='word_1_50' title='bbox 1026 642 1083 683; x_wconf 87' lang='lat' dir='ltr'>tui</span> <span class='ocrx_word' id='word_1_51' title='bbox 1102 642 1180 682; x_wconf 87' lang='lat' dir='ltr'>itcr</span> <span class='ocrx_word' id='word_1_52' title='bbox 1202 644 1316 699; x_wconf 80' lang='lat' dir='ltr'>lego3</span> <span class='ocrx_word' id='word_1_53' title='bbox 1336 658 1437 684; x_wconf 84' lang='lat' dir='ltr'>ecce</span> 
     </span>
     <span class='ocr_line' id='line_1_8' title="bbox 87 713 1435 771; baseline 0 -16"><span class='ocrx_word' id='word_1_54' title='bbox 87 715 336 771; x_wconf 85' lang='lat' dir='ltr'>rescriptum</span> <span class='ocrx_word' id='word_1_55' title='bbox 362 714 520 770; x_wconf 87' lang='lat' dir='ltr'>accipio</span> <span class='ocrx_word' id='word_1_56' title='bbox 547 713 647 768; x_wconf 77' lang='lat'>(55)</span> <span class='ocrx_word' id='word_1_57' title='bbox 664 746 674 761; x_wconf 87' lang='lat'><em>,</em></span> <span class='ocrx_word' id='word_1_58' title='bbox 707 721 752 753; x_wconf 91' lang='lat' dir='ltr'>ut</span> <span class='ocrx_word' id='word_1_59' title='bbox 774 713 862 754; x_wconf 90' lang='lat' dir='ltr'>sine</span> <span class='ocrx_word' id='word_1_60' title='bbox 885 727 1002 754; x_wconf 87' lang='lat' dir='ltr'>mora</span> <span class='ocrx_word' id='word_1_61' title='bbox 1025 714 1284 770; x_wconf 80' lang='lat' dir='ltr'>pergendum</span> <span class='ocrx_word' id='word_1_62' title='bbox 1314 722 1435 770; x_wconf 89' lang='lat' dir='ltr'>puta-</span> 
     </span>
     <span class='ocr_line' id='line_1_9' title="bbox 86 782 1435 840; baseline 0 -16"><span class='ocrx_word' id='word_1_63' title='bbox 86 798 173 824; x_wconf 87' lang='lat' dir='ltr'>rem</span> <span class='ocrx_word' id='word_1_64' title='bbox 191 815 201 832; x_wconf 94' lang='lat'>‚</span> <span class='ocrx_word' id='word_1_65' title='bbox 225 799 275 825; x_wconf 94' lang='lat' dir='ltr'>eo</span> <span class='ocrx_word' id='word_1_66' title='bbox 298 784 410 840; x_wconf 91' lang='lat' dir='ltr'>quod</span> <span class='ocrx_word' id='word_1_67' title='bbox 432 784 580 825; x_wconf 85' lang='lat' dir='ltr'>vadem</span> <span class='ocrx_word' id='word_1_68' title='bbox 603 782 700 824; x_wconf 87' lang='lat' dir='ltr'>fidei</span> <span class='ocrx_word' id='word_1_69' title='bbox 730 791 809 824; x_wconf 85' lang='lat' dir='ltr'>tuae</span> <span class='ocrx_word' id='word_1_70' title='bbox 833 782 988 823; x_wconf 84' lang='lat' dir='ltr'>habere</span> <span class='ocrx_word' id='word_1_71' title='bbox 1012 797 1079 823; x_wconf 88' lang='lat' dir='ltr'>me</span> <span class='ocrx_word' id='word_1_72' title='bbox 1107 784 1217 839; x_wconf 85' lang='lat' dir='ltr'>apud</span> <span class='ocrx_word' id='word_1_73' title='bbox 1239 783 1435 824; x_wconf 82' lang='lat' dir='ltr'>comitem</span> 
     </span>
     <span class='ocr_line' id='line_1_10' title="bbox 87 853 1440 896; baseline -0.001 -2"><span class='ocrx_word' id='word_1_74' title='bbox 87 863 204 895; x_wconf 84' lang='lat' dir='ltr'>tuum</span> <span class='ocrx_word' id='word_1_75' title='bbox 229 855 372 896; x_wconf 84' lang='lat' dir='ltr'>velles.</span> <span class='ocrx_word' id='word_1_76' title='bbox 411 854 521 896; x_wconf 83' lang='lat' dir='ltr'>Num</span> <span class='ocrx_word' id='word_1_77' title='bbox 557 853 719 895; x_wconf 74' lang='lat' dir='ltr'>restiti?</span> <span class='ocrx_word' id='word_1_78' title='bbox 754 868 855 894; x_wconf 87' lang='lat' dir='ltr'>num</span> <span class='ocrx_word' id='word_1_79' title='bbox 888 861 1073 894; x_wconf 86' lang='lat' dir='ltr'>moratus</span> <span class='ocrx_word' id='word_1_80' title='bbox 1106 854 1231 894; x_wconf 75' lang='lat' dir='ltr'>sum?</span> <span class='ocrx_word' id='word_1_81' title='bbox 1260 853 1440 895; x_wconf 75' lang='lat' dir='ltr'>Additur</span> 
     </span>
     <span class='ocr_line' id='line_1_11' title="bbox 86 923 1440 980; baseline 0 -17"><span class='ocrx_word' id='word_1_82' title='bbox 86 937 136 964; x_wconf 93' lang='lat' dir='ltr'>eo</span> <span class='ocrx_word' id='word_1_83' title='bbox 170 931 213 964; x_wconf 88' lang='lat' dir='ltr'>ut</span> <span class='ocrx_word' id='word_1_84' title='bbox 237 938 506 980; x_wconf 77' lang='lat' dir='ltr'>properarem</span> <span class='ocrx_word' id='word_1_85' title='bbox 534 938 689 979; x_wconf 79' lang='lat' dir='ltr'>ocyus,</span> <span class='ocrx_word' id='word_1_86' title='bbox 721 937 801 964; x_wconf 88' lang='lat' dir='ltr'>nec</span> <span class='ocrx_word' id='word_1_87' title='bbox 827 923 1054 963; x_wconf 84' lang='lat' dir='ltr'>arbitrarer</span> <span class='ocrx_word' id='word_1_88' title='bbox 1084 937 1252 964; x_wconf 86' lang='lat' dir='ltr'>causam</span> <span class='ocrx_word' id='word_1_89' title='bbox 1282 923 1440 964; x_wconf 82' lang='lat' dir='ltr'>itineris</span> 
     </span>
     <span class='ocr_line' id='line_1_12' title="bbox 86 992 1440 1050; baseline 0.001 -17"><span class='ocrx_word' id='word_1_90' title='bbox 86 992 167 1033; x_wconf 87' lang='lat' dir='ltr'>mei</span> <span class='ocrx_word' id='word_1_91' title='bbox 196 994 403 1048; x_wconf 73' lang='lat' dir='ltr'>synodum</span> <span class='ocrx_word' id='word_1_92' title='bbox 430 993 647 1034; x_wconf 77' lang='lat' dir='ltr'>Gallorum</span> <span class='ocrx_word' id='word_1_93' title='bbox 674 1008 763 1034; x_wconf 86' lang='lat' dir='ltr'>esso</span> <span class='ocrx_word' id='word_1_94' title='bbox 786 993 1082 1049; x_wconf 87' lang='lat' dir='ltr'>episcoporum</span> <span class='ocrx_word' id='word_1_95' title='bbox 1099 1024 1110 1041; x_wconf 90' lang='lat'><strong>,</strong></span> <span class='ocrx_word' id='word_1_96' title='bbox 1138 1001 1310 1050; x_wconf 87' lang='lat' dir='ltr'>propter</span> <span class='ocrx_word' id='word_1_97' title='bbox 1333 1009 1440 1049; x_wconf 89' lang='lat' dir='ltr'>quo-</span> 
     </span>
     <span class='ocr_line' id='line_1_13' title="bbox 87 1063 1441 1119; baseline 0.001 -16"><span class='ocrx_word' id='word_1_98' title='bbox 87 1078 179 1104; x_wconf 91' lang='lat' dir='ltr'>rum</span> <span class='ocrx_word' id='word_1_99' title='bbox 197 1063 434 1119; x_wconf 83' lang='lat' dir='ltr'>frequentes</span> <span class='ocrx_word' id='word_1_100' title='bbox 453 1063 730 1106; x_wconf 79' lang='lat' dir='ltr'>dissensiones</span> <span class='ocrx_word' id='word_1_101' title='bbox 753 1063 901 1105; x_wconf 89' lang='lat' dir='ltr'>crebro</span> <span class='ocrx_word' id='word_1_102' title='bbox 925 1079 992 1104; x_wconf 85' lang='lat' dir='ltr'>me</span> <span class='ocrx_word' id='word_1_103' title='bbox 1019 1078 1314 1105; x_wconf 80' lang='lat' dir='ltr'>excusaveram</span> <span class='ocrx_word' id='word_1_104' title='bbox 1339 1079 1347 1104; x_wconf 77' lang='grc' dir='ltr'>ε</span> <span class='ocrx_word' id='word_1_105' title='bbox 1369 1065 1441 1105; x_wconf 83' lang='lat' dir='ltr'>scd</span> 
     </span>
     <span class='ocr_line' id='line_1_14' title="bbox 86 1134 558 1191; baseline 0.004 -17"><span class='ocrx_word' id='word_1_106' title='bbox 86 1143 132 1176; x_wconf 88' lang='lat' dir='ltr'>ut</span> <span class='ocrx_word' id='word_1_107' title='bbox 153 1134 240 1191; x_wconf 90' lang='lat' dir='ltr'>ipse</span> <span class='ocrx_word' id='word_1_108' title='bbox 261 1134 558 1191; x_wconf 78' lang='lat' dir='ltr'>baptizaretur.</span> 
     </span>
    </p>

    <p class='ocr_par' dir='ltr' id='par_1_4' title="bbox 86 1203 1444 2158">
     <span class='ocr_line' id='line_1_15' title="bbox 144 1203 1442 1262; baseline 0.002 -17"><span class='ocrx_word' id='word_1_109' title='bbox 144 1203 298 1246; x_wconf 87' lang='lat' dir='ltr'>XXVI.</span> <span class='ocrx_word' id='word_1_110' title='bbox 338 1204 384 1244; x_wconf 88' lang='lat' dir='ltr'>ln</span> <span class='ocrx_word' id='word_1_111' title='bbox 406 1204 494 1260; x_wconf 89' lang='lat' dir='ltr'>ipso</span> <span class='ocrx_word' id='word_1_112' title='bbox 513 1219 681 1261; x_wconf 84' lang='lat' dir='ltr'>egressu</span> <span class='ocrx_word' id='word_1_113' title='bbox 699 1213 910 1261; x_wconf 83' lang='lat' dir='ltr'>gestarum</span> <span class='ocrx_word' id='word_1_114' title='bbox 927 1204 1011 1260; x_wconf 87' lang='lat' dir='ltr'>jam</span> <span class='ocrx_word' id='word_1_115' title='bbox 1031 1219 1175 1245; x_wconf 87' lang='lat' dir='ltr'>rerum</span> <span class='ocrx_word' id='word_1_116' title='bbox 1198 1205 1351 1247; x_wconf 86' lang='lat' dir='ltr'>indicia</span> <span class='ocrx_word' id='word_1_117' title='bbox 1370 1221 1442 1262; x_wconf 89' lang='lat' dir='ltr'>po-</span> 
     </span>
     <span class='ocr_line' id='line_1_16' title="bbox 89 1273 1441 1332; baseline 0.001 -18"><span class='ocrx_word' id='word_1_118' title='bbox 89 1273 148 1315; x_wconf 90' lang='lat' dir='ltr'>tui</span> <span class='ocrx_word' id='word_1_119' title='bbox 170 1288 442 1330; x_wconf 86' lang='lat' dir='ltr'>cognoscere,</span> <span class='ocrx_word' id='word_1_120' title='bbox 467 1275 539 1316; x_wconf 87' lang='lat' dir='ltr'>sed</span> <span class='ocrx_word' id='word_1_121' title='bbox 557 1275 809 1332; x_wconf 88' lang='lat' dir='ltr'>properandi</span> <span class='ocrx_word' id='word_1_122' title='bbox 831 1276 969 1316; x_wconf 89' lang='lat' dir='ltr'>studio</span> <span class='ocrx_word' id='word_1_123' title='bbox 992 1274 1097 1316; x_wconf 90' lang='lat' dir='ltr'>nihil</span> <span class='ocrx_word' id='word_1_124' title='bbox 1125 1276 1341 1317; x_wconf 77' lang='lat' dir='ltr'>advertere</span> <span class='ocrx_word' id='word_1_125' title='bbox 1364 1291 1441 1332; x_wconf 81' lang='lat' dir='ltr'>po-</span> 
     </span>
     <span class='ocr_line' id='line_1_17' title="bbox 87 1343 1440 1401; baseline 0.001 -17"><span class='ocrx_word' id='word_1_126' title='bbox 87 1351 232 1385; x_wconf 87' lang='lat' dir='ltr'>teram.</span> <span class='ocrx_word' id='word_1_127' title='bbox 272 1343 365 1384; x_wconf 83' lang='lat' dir='ltr'>Jam</span> <span class='ocrx_word' id='word_1_128' title='bbox 405 1344 654 1400; x_wconf 83' lang='lat' dir='ltr'>superabam</span> <span class='ocrx_word' id='word_1_129' title='bbox 688 1344 857 1401; x_wconf 86' lang='lat' dir='ltr'>Alpium</span> <span class='ocrx_word' id='word_1_130' title='bbox 892 1344 989 1401; x_wconf 80' lang='lat' dir='ltr'>juga</span> <span class='ocrx_word' id='word_1_131' title='bbox 1011 1377 1021 1392; x_wconf 90' lang='lat'><strong>,</strong></span> <span class='ocrx_word' id='word_1_132' title='bbox 1062 1353 1103 1386; x_wconf 88' lang='lat' dir='ltr'>et</span> <span class='ocrx_word' id='word_1_133' title='bbox 1136 1359 1236 1386; x_wconf 84' lang='lat' dir='ltr'>ecce</span> <span class='ocrx_word' id='word_1_134' title='bbox 1268 1346 1440 1386; x_wconf 87' lang='lat' dir='ltr'>nuntius</span> 
     </span>
     <span class='ocr_line' id='line_1_18' title="bbox 89 1413 1444 1471; baseline 0.001 -17"><span class='ocrx_word' id='word_1_135' title='bbox 89 1429 252 1456; x_wconf 82' lang='lat' dir='ltr'>amarus</span> <span class='ocrx_word' id='word_1_136' title='bbox 280 1413 383 1455; x_wconf 87' lang='lat' dir='ltr'>mihi</span> <span class='ocrx_word' id='word_1_137' title='bbox 411 1422 453 1455; x_wconf 85' lang='lat' dir='ltr'>ct</span> <span class='ocrx_word' id='word_1_138' title='bbox 473 1414 669 1455; x_wconf 84' lang='lat' dir='ltr'>omnibus</span> <span class='ocrx_word' id='word_1_139' title='bbox 693 1415 744 1455; x_wconf 85' lang='lat' dir='ltr'>de</span> <span class='ocrx_word' id='word_1_140' title='bbox 769 1414 871 1456; x_wconf 86' lang='lat' dir='ltr'>tanti</span> <span class='ocrx_word' id='word_1_141' title='bbox 895 1422 1030 1455; x_wconf 88' lang='lat' dir='ltr'>morte</span> <span class='ocrx_word' id='word_1_142' title='bbox 1056 1414 1335 1471; x_wconf 84' lang='lat' dir='ltr'>imperatoris.</span> <span class='ocrx_word' id='word_1_143' title='bbox 1360 1415 1444 1456; x_wconf 81' lang='lat' dir='ltr'>Ro-</span> 
     </span>
     <span class='ocr_line' id='line_1_19' title="bbox 86 1484 1441 1542; baseline 0 -16"><span class='ocrx_word' id='word_1_144' title='bbox 86 1484 182 1526; x_wconf 86' lang='lat' dir='ltr'>ssexi</span> <span class='ocrx_word' id='word_1_145' title='bbox 204 1486 305 1533; x_wconf 89' lang='lat' dir='ltr'>iter,</span> <span class='ocrx_word' id='word_1_146' title='bbox 331 1493 372 1526; x_wconf 86' lang='lat' dir='ltr'>et</span> <span class='ocrx_word' id='word_1_147' title='bbox 392 1485 563 1526; x_wconf 88' lang='lat' dir='ltr'>fletibus</span> <span class='ocrx_word' id='word_1_148' title='bbox 580 1485 682 1526; x_wconf 88' lang='lat' dir='ltr'>meis</span> <span class='ocrx_word' id='word_1_149' title='bbox 705 1485 798 1526; x_wconf 71' lang='lat' dir='ltr'>lavi.</span> <span class='ocrx_word' id='word_1_150' title='bbox 828 1485 993 1536; x_wconf 85' lang='lat' dir='ltr'>Quibus</span> <span class='ocrx_word' id='word_1_151' title='bbox 1016 1500 1092 1542; x_wconf 80' lang='lat' dir='ltr'>ego</span> <span class='ocrx_word' id='word_1_152' title='bbox 1117 1486 1220 1527; x_wconf 89' lang='lat' dir='ltr'>votis</span> <span class='ocrx_word' id='word_1_153' title='bbox 1251 1486 1441 1526; x_wconf 82' lang='lat' dir='ltr'>omnium</span> 
     </span>
     <span class='ocr_line' id='line_1_20' title="bbox 87 1553 1439 1611; baseline 0.001 -16"><span class='ocrx_word' id='word_1_154' title='bbox 87 1553 514 1611; x_wconf 63' lang='lat' dir='ltr'>11r0fieiscebar9q11o</span> <span class='ocrx_word' id='word_1_155' title='bbox 551 1555 708 1611; x_wconf 80' lang='lat' dir='ltr'>gemitu</span> <span class='ocrx_word' id='word_1_156' title='bbox 730 1555 919 1596; x_wconf 83' lang='lat' dir='ltr'>omnium</span> <span class='ocrx_word' id='word_1_157' title='bbox 937 1556 1209 1597; x_wconf 71' lang='lat' dir='ltr'>revertebar?</span> <span class='ocrx_word' id='word_1_158' title='bbox 1227 1571 1309 1596; x_wconf 89' lang='lat' dir='ltr'>non</span> <span class='ocrx_word' id='word_1_159' title='bbox 1329 1556 1439 1596; x_wconf 84' lang='lat' dir='ltr'>enim</span> 
     </span>
     <span class='ocr_line' id='line_1_21' title="bbox 88 1624 1440 1682; baseline 0.001 -17"><span class='ocrx_word' id='word_1_160' title='bbox 88 1625 383 1681; x_wconf 76' lang='lat' dir='ltr'>imperatorem</span> <span class='ocrx_word' id='word_1_161' title='bbox 401 1624 496 1672; x_wconf 88' lang='lat' dir='ltr'>sibi,</span> <span class='ocrx_word' id='word_1_162' title='bbox 516 1626 587 1666; x_wconf 87' lang='lat' dir='ltr'>sed</span> <span class='ocrx_word' id='word_1_163' title='bbox 610 1625 787 1666; x_wconf 88' lang='lat' dir='ltr'>salutem</span> <span class='ocrx_word' id='word_1_164' title='bbox 811 1633 996 1681; x_wconf 83' lang='lat' dir='ltr'>ereptam</span> <span class='ocrx_word' id='word_1_165' title='bbox 1019 1625 1238 1682; x_wconf 84' lang='lat' dir='ltr'>putabant.</span> <span class='ocrx_word' id='word_1_166' title='bbox 1270 1626 1440 1676; x_wconf 81' lang='lat' dir='ltr'>Quanto</span> 
     </span>
     <span class='ocr_line' id='line_1_22' title="bbox 87 1693 1440 1752; baseline 0.001 -18"><span class='ocrx_word' id='word_1_167' title='bbox 87 1694 174 1750; x_wconf 90' lang='lat' dir='ltr'>ipse</span> <span class='ocrx_word' id='word_1_168' title='bbox 197 1694 379 1750; x_wconf 86' lang='lat' dir='ltr'>angebar</span> <span class='ocrx_word' id='word_1_169' title='bbox 400 1693 575 1735; x_wconf 77' lang='lat' dir='ltr'>dolore?</span> <span class='ocrx_word' id='word_1_170' title='bbox 595 1694 777 1750; x_wconf 85' lang='lat' dir='ltr'>primum</span> <span class='ocrx_word' id='word_1_171' title='bbox 799 1694 914 1750; x_wconf 90' lang='lat' dir='ltr'>quod</span> <span class='ocrx_word' id='word_1_172' title='bbox 932 1703 1071 1736; x_wconf 84' lang='lat' dir='ltr'>tantus</span> <span class='ocrx_word' id='word_1_173' title='bbox 1089 1695 1304 1752; x_wconf 87' lang='lat' dir='ltr'>princeps,</span> <span class='ocrx_word' id='word_1_174' title='bbox 1328 1698 1440 1752; x_wconf 88' lang='lat' dir='ltr'>quod</span> 
     </span>
     <span class='ocr_line' id='line_1_23' title="bbox 89 1764 1434 1822; baseline 0.001 -17"><span class='ocrx_word' id='word_1_175' title='bbox 89 1765 211 1805; x_wconf 86' lang='lat' dir='ltr'>dulce</span> <span class='ocrx_word' id='word_1_176' title='bbox 228 1764 379 1820; x_wconf 82' lang='lat' dir='ltr'>pignus</span> <span class='ocrx_word' id='word_1_177' title='bbox 396 1779 559 1812; x_wconf 87' lang='lat' dir='ltr'>meum,</span> <span class='ocrx_word' id='word_1_178' title='bbox 580 1764 695 1820; x_wconf 88' lang='lat' dir='ltr'>quod</span> <span class='ocrx_word' id='word_1_179' title='bbox 713 1765 766 1806; x_wconf 84' lang='lat' dir='ltr'>ita</span> <span class='ocrx_word' id='word_1_180' title='bbox 785 1765 867 1806; x_wconf 87' lang='lat' dir='ltr'>mei</span> <span class='ocrx_word' id='word_1_181' title='bbox 886 1765 1179 1822; x_wconf 80' lang='lat' dir='ltr'>cupidissimus</span> <span class='ocrx_word' id='word_1_182' title='bbox 1198 1765 1434 1806; x_wconf 85' lang='lat' dir='ltr'>occidisset.</span> 
     </span>
     <span class='ocr_line' id='line_1_24' title="bbox 89 1833 1440 1892; baseline 0.001 -18"><span class='ocrx_word' id='word_1_183' title='bbox 89 1834 205 1885; x_wconf 88' lang='lat' dir='ltr'>Quos</span> <span class='ocrx_word' id='word_1_184' title='bbox 228 1848 305 1890; x_wconf 78' lang='lat' dir='ltr'>ego</span> <span class='ocrx_word' id='word_1_185' title='bbox 329 1842 452 1875; x_wconf 87' lang='lat' dir='ltr'>aestus</span> <span class='ocrx_word' id='word_1_186' title='bbox 473 1834 563 1889; x_wconf 87' lang='lat' dir='ltr'>ejus</span> <span class='ocrx_word' id='word_1_187' title='bbox 591 1835 660 1876; x_wconf 94' lang='lat' dir='ltr'>illo</span> <span class='ocrx_word' id='word_1_188' title='bbox 682 1834 814 1876; x_wconf 87' lang='lat' dir='ltr'>biduo</span> <span class='ocrx_word' id='word_1_189' title='bbox 836 1835 961 1877; x_wconf 84' lang='lat' dir='ltr'>fuisse</span> <span class='ocrx_word' id='word_1_190' title='bbox 984 1833 1171 1892; x_wconf 87' lang='lat' dir='ltr'>comperi</span> <span class='ocrx_word' id='word_1_191' title='bbox 1190 1868 1200 1884; x_wconf 90' lang='lat'>‚</span> <span class='ocrx_word' id='word_1_192' title='bbox 1224 1851 1308 1891; x_wconf 88' lang='lat' dir='ltr'>quo</span> <span class='ocrx_word' id='word_1_193' title='bbox 1333 1837 1440 1877; x_wconf 83' lang='lat' dir='ltr'>litte-</span> 
     </span>
     <span class='ocr_line' id='line_1_25' title="bbox 88 1905 1444 1964; baseline 0.001 -19"><span class='ocrx_word' id='word_1_194' title='bbox 88 1905 143 1945; x_wconf 89' lang='lat' dir='ltr'>ris</span> <span class='ocrx_word' id='word_1_195' title='bbox 162 1920 263 1961; x_wconf 84' lang='lat' dir='ltr'>quas</span> <span class='ocrx_word' id='word_1_196' title='bbox 288 1906 338 1946; x_wconf 86' lang='lat' dir='ltr'>ad</span> <span class='ocrx_word' id='word_1_197' title='bbox 362 1920 429 1946; x_wconf 87' lang='lat' dir='ltr'>me</span> <span class='ocrx_word' id='word_1_198' title='bbox 451 1905 622 1946; x_wconf 84' lang='lat' dir='ltr'>miserat</span> <span class='ocrx_word' id='word_1_199' title='bbox 642 1938 651 1953; x_wconf 91' lang='lat'>‚</span> <span class='ocrx_word' id='word_1_200' title='bbox 675 1906 932 1962; x_wconf 75' lang='lat' dir='ltr'>supervixit?</span> <span class='ocrx_word' id='word_1_201' title='bbox 953 1905 1126 1963; x_wconf 88' lang='lat' dir='ltr'>Vesperi</span> <span class='ocrx_word' id='word_1_202' title='bbox 1147 1906 1358 1964; x_wconf 86' lang='lat' dir='ltr'>profectus</span> <span class='ocrx_word' id='word_1_203' title='bbox 1380 1914 1444 1947; x_wconf 84' lang='lat' dir='ltr'>est</span> 
     </span>
     <span class='ocr_line' id='line_1_26' title="bbox 89 1976 1443 2033; baseline 0.001 -17"><span class='ocrx_word' id='word_1_204' title='bbox 89 1976 338 2017; x_wconf 81' lang='lat' dir='ltr'>silentiarius</span> <span class='ocrx_word' id='word_1_205' title='bbox 358 1976 486 2031; x_wconf 73' lang='lat'>(54),</span> <span class='ocrx_word' id='word_1_206' title='bbox 508 1977 630 2017; x_wconf 86' lang='lat' dir='ltr'>tertio</span> <span class='ocrx_word' id='word_1_207' title='bbox 652 1977 717 2017; x_wconf 90' lang='lat' dir='ltr'>die</span> <span class='ocrx_word' id='word_1_208' title='bbox 734 1992 857 2018; x_wconf 86' lang='lat' dir='ltr'>mane</span> <span class='ocrx_word' id='word_1_209' title='bbox 875 1978 1090 2033; x_wconf 81' lang='lat' dir='ltr'>quaerebat</span> <span class='ocrx_word' id='word_1_210' title='bbox 1106 1977 1246 2033; x_wconf 85' lang='lat' dir='ltr'>jamne</span> <span class='ocrx_word' id='word_1_211' title='bbox 1265 1992 1443 2018; x_wconf 82' lang='lat' dir='ltr'>remeas-</span> 
     </span>
     <span class='ocr_line' id='line_1_27' title="bbox 89 2045 1441 2103; baseline -0.001 -16"><span class='ocrx_word' id='word_1_212' title='bbox 89 2055 166 2094; x_wconf 85' lang='lat' dir='ltr'>set,</span> <span class='ocrx_word' id='word_1_213' title='bbox 183 2045 324 2102; x_wconf 87' lang='lat' dir='ltr'>jamne</span> <span class='ocrx_word' id='word_1_214' title='bbox 347 2046 533 2087; x_wconf 74' lang='lat' dir='ltr'>venirem</span> <span class='ocrx_word' id='word_1_215' title='bbox 556 2062 564 2087; x_wconf 91' lang='lat'>:</span> <span class='ocrx_word' id='word_1_216' title='bbox 585 2046 639 2087; x_wconf 89' lang='lat' dir='ltr'>ita</span> <span class='ocrx_word' id='word_1_217' title='bbox 665 2046 741 2087; x_wconf 92' lang='lat' dir='ltr'>sibi</span> <span class='ocrx_word' id='word_1_218' title='bbox 767 2048 943 2088; x_wconf 83' lang='lat' dir='ltr'>salutem</span> <span class='ocrx_word' id='word_1_219' title='bbox 968 2047 1195 2103; x_wconf 85' lang='lat' dir='ltr'>quamdam</span> <span class='ocrx_word' id='word_1_220' title='bbox 1220 2057 1441 2088; x_wconf 85' lang='lat' dir='ltr'>venturam</span> 
     </span>
     <span class='ocr_line' id='line_1_28' title="bbox 90 2116 397 2158; baseline -0.007 0"><span class='ocrx_word' id='word_1_221' title='bbox 90 2116 371 2158; x_wconf 80' lang='lat' dir='ltr'>arbitrabatur</span> <span class='ocrx_word' id='word_1_222' title='bbox 389 2117 397 2156; x_wconf 82' lang='lat'>1</span> 
     </span>
    </p>

    <p class='ocr_par' dir='ltr' id='par_1_5' title="bbox 89 2185 1445 2597">
     <span class='ocr_line' id='line_1_29' title="bbox 147 2185 1443 2244; baseline 0 -16"><span class='ocrx_word' id='word_1_223' title='bbox 147 2185 325 2228; x_wconf 80' lang='lat' dir='ltr'>XXVII.</span> <span class='ocrx_word' id='word_1_224' title='bbox 364 2185 400 2228; x_wconf 91' lang='lat' dir='ltr'>O</span> <span class='ocrx_word' id='word_1_225' title='bbox 430 2186 591 2242; x_wconf 89' lang='lat' dir='ltr'>juvenis</span> <span class='ocrx_word' id='word_1_226' title='bbox 619 2188 805 2244; x_wconf 85' lang='lat' dir='ltr'>optime,</span> <span class='ocrx_word' id='word_1_227' title='bbox 840 2188 1002 2229; x_wconf 82' lang='lat' dir='ltr'>utinam</span> <span class='ocrx_word' id='word_1_228' title='bbox 1030 2195 1070 2229; x_wconf 89' lang='lat' dir='ltr'>te</span> <span class='ocrx_word' id='word_1_229' title='bbox 1099 2187 1305 2229; x_wconf 82' lang='lat' dir='ltr'>viventem</span> <span class='ocrx_word' id='word_1_230' title='bbox 1328 2187 1443 2228; x_wconf 84' lang='lat' dir='ltr'>inve-</span> 
     </span>
     <span class='ocr_line' id='line_1_30' title="bbox 89 2256 1444 2314; baseline 0 -17"><span class='ocrx_word' id='word_1_231' title='bbox 89 2256 179 2298; x_wconf 90' lang='lat' dir='ltr'>nire</span> <span class='ocrx_word' id='word_1_232' title='bbox 201 2256 427 2313; x_wconf 87' lang='lat' dir='ltr'>potuissem</span> <span class='ocrx_word' id='word_1_233' title='bbox 446 2289 456 2303; x_wconf 92' lang='lat'>,</span> <span class='ocrx_word' id='word_1_234' title='bbox 485 2258 645 2298; x_wconf 78' lang='lat' dir='ltr'>utinam</span> <span class='ocrx_word' id='word_1_235' title='bbox 677 2267 717 2299; x_wconf 89' lang='lat' dir='ltr'>te</span> <span class='ocrx_word' id='word_1_236' title='bbox 744 2257 890 2300; x_wconf 84' lang='lat' dir='ltr'>dilatio</span> <span class='ocrx_word' id='word_1_237' title='bbox 918 2259 1053 2314; x_wconf 89' lang='lat' dir='ltr'>aliqua</span> <span class='ocrx_word' id='word_1_238' title='bbox 1076 2272 1170 2299; x_wconf 87' lang='lat' dir='ltr'>mco</span> <span class='ocrx_word' id='word_1_239' title='bbox 1193 2265 1444 2298; x_wconf 86' lang='lat' dir='ltr'>reservasset</span> 
     </span>
     <span class='ocr_line' id='line_1_31' title="bbox 91 2326 1442 2385; baseline 0 -18"><span class='ocrx_word' id='word_1_240' title='bbox 91 2326 310 2368; x_wconf 78' lang='lat' dir='ltr'>adventui!</span> <span class='ocrx_word' id='word_1_241' title='bbox 333 2326 444 2369; x_wconf 89' lang='lat' dir='ltr'>Nihil</span> <span class='ocrx_word' id='word_1_242' title='bbox 477 2328 527 2368; x_wconf 90' lang='lat' dir='ltr'>de</span> <span class='ocrx_word' id='word_1_243' title='bbox 558 2328 693 2384; x_wconf 85' lang='lat' dir='ltr'>aliqua</span> <span class='ocrx_word' id='word_1_244' title='bbox 723 2329 804 2369; x_wconf 89' lang='lat' dir='ltr'>mei</span> <span class='ocrx_word' id='word_1_245' title='bbox 831 2329 984 2370; x_wconf 86' lang='lat' dir='ltr'>virtuto</span> <span class='ocrx_word' id='word_1_246' title='bbox 1011 2328 1234 2385; x_wconf 79' lang='lat' dir='ltr'>polliceor,</span> <span class='ocrx_word' id='word_1_247' title='bbox 1265 2327 1367 2368; x_wconf 86' lang='lat' dir='ltr'>nihii</span> <span class='ocrx_word' id='word_1_248' title='bbox 1392 2328 1442 2367; x_wconf 80' lang='lat' dir='ltr'>de</span> 
     </span>
     <span class='ocr_line' id='line_1_32' title="bbox 91 2397 1445 2456; baseline -0.001 -18"><span class='ocrx_word' id='word_1_249' title='bbox 91 2397 257 2454; x_wconf 83' lang='lat' dir='ltr'>ingenio</span> <span class='ocrx_word' id='word_1_250' title='bbox 280 2406 404 2454; x_wconf 87' lang='lat' dir='ltr'>atque</span> <span class='ocrx_word' id='word_1_251' title='bbox 426 2400 647 2455; x_wconf 83' lang='lat' dir='ltr'>prudentia</span> <span class='ocrx_word' id='word_1_252' title='bbox 671 2414 679 2439; x_wconf 76' lang='grc' dir='ltr'>ε</span> <span class='ocrx_word' id='word_1_253' title='bbox 702 2399 774 2441; x_wconf 89' lang='lat' dir='ltr'>sed</span> <span class='ocrx_word' id='word_1_254' title='bbox 797 2410 949 2455; x_wconf 86' lang='lat' dir='ltr'>quanta</span> <span class='ocrx_word' id='word_1_255' title='bbox 973 2415 1050 2456; x_wconf 80' lang='lat' dir='ltr'>ego</span> <span class='ocrx_word' id='word_1_256' title='bbox 1075 2415 1174 2441; x_wconf 89' lang='lat' dir='ltr'>cura</span> <span class='ocrx_word' id='word_1_257' title='bbox 1205 2399 1311 2440; x_wconf 87' lang='lat' dir='ltr'>inter</span> <span class='ocrx_word' id='word_1_258' title='bbox 1340 2406 1380 2439; x_wconf 86' lang='lat' dir='ltr'>te</span> <span class='ocrx_word' id='word_1_259' title='bbox 1403 2401 1445 2438; x_wconf 80' lang='lat' dir='ltr'>et</span> 
     </span>
     <span class='ocr_line' id='line_1_33' title="bbox 94 2467 1440 2524; baseline 0 -17"><span class='ocrx_word' id='word_1_260' title='bbox 94 2467 299 2508; x_wconf 87' lang='lat' dir='ltr'>Comitem</span> <span class='ocrx_word' id='word_1_261' title='bbox 324 2475 441 2508; x_wconf 85' lang='lat' dir='ltr'>tuum</span> <span class='ocrx_word' id='word_1_262' title='bbox 458 2500 468 2516; x_wconf 87' lang='lat'><strong><em>,</em></strong></span> <span class='ocrx_word' id='word_1_263' title='bbox 490 2477 644 2524; x_wconf 82' lang='lat' dir='ltr'>quanta</span> <span class='ocrx_word' id='word_1_264' title='bbox 668 2470 890 2511; x_wconf 88' lang='lat' dir='ltr'>sedulitate</span> <span class='ocrx_word' id='word_1_265' title='bbox 911 2469 1180 2511; x_wconf 83' lang='lat' dir='ltr'>concordiam</span> <span class='ocrx_word' id='word_1_266' title='bbox 1203 2477 1246 2509; x_wconf 87' lang='lat' dir='ltr'>et</span> <span class='ocrx_word' id='word_1_267' title='bbox 1267 2468 1440 2524; x_wconf 74' lang='lat' dir='ltr'>gratiani</span> 
     </span>
     <span class='ocr_line' id='line_1_34' title="bbox 92 2536 1442 2597; baseline 0 -21"><span class='ocrx_word' id='word_1_268' title='bbox 92 2536 368 2578; x_wconf 76' lang='lat' dir='ltr'>refudissem?</span> <span class='ocrx_word' id='word_1_269' title='bbox 399 2537 536 2588; x_wconf 86' lang='lat' dir='ltr'>Quam</span> <span class='ocrx_word' id='word_1_270' title='bbox 567 2553 634 2580; x_wconf 84' lang='lat' dir='ltr'>me</span> <span class='ocrx_word' id='word_1_271' title='bbox 667 2539 802 2596; x_wconf 85' lang='lat' dir='ltr'>ipsum</span> <span class='ocrx_word' id='word_1_272' title='bbox 839 2554 911 2597; x_wconf 86' lang='lat' dir='ltr'>pro</span> <span class='ocrx_word' id='word_1_273' title='bbox 945 2547 1015 2581; x_wconf 87' lang='lat' dir='ltr'>tua</span> <span class='ocrx_word' id='word_1_274' title='bbox 1050 2539 1294 2581; x_wconf 86' lang='lat' dir='ltr'>obtulissem</span> <span class='ocrx_word' id='word_1_275' title='bbox 1329 2536 1408 2577; x_wconf 78' lang='lat' dir='ltr'>fide</span> <span class='ocrx_word' id='word_1_276' title='bbox 1434 2568 1442 2583; x_wconf 90' lang='lat'><strong><em>‚</em></strong></span> 
     </span>
    </p>
   </div>
   <div class='ocr_carea' id='block_1_4' title="bbox 93 2605 1448 2667">
    <p class='ocr_par' dir='ltr' id='par_1_6' title="bbox 93 2605 1448 2667">
     <span class='ocr_line' id='line_1_35' title="bbox 93 2605 1448 2667; baseline -0.001 -20"><span class='ocrx_word' id='word_1_277' title='bbox 93 2620 215 2662; x_wconf 83' lang='lat' dir='ltr'>quam</span> <span class='ocrx_word' id='word_1_278' title='bbox 240 2607 280 2648; x_wconf 92' lang='lat' dir='ltr'>in</span> <span class='ocrx_word' id='word_1_279' title='bbox 308 2621 374 2649; x_wconf 88' lang='lat' dir='ltr'>me</span> <span class='ocrx_word' id='word_1_280' title='bbox 401 2606 536 2664; x_wconf 85' lang='lat' dir='ltr'>ipsum</span> <span class='ocrx_word' id='word_1_281' title='bbox 559 2623 630 2651; x_wconf 82' lang='lat' dir='ltr'>eos</span> <span class='ocrx_word' id='word_1_282' title='bbox 657 2610 906 2667; x_wconf 83' lang='lat' dir='ltr'>recepissem</span> <span class='ocrx_word' id='word_1_283' title='bbox 925 2640 935 2660; x_wconf 89' lang='lat'>,</span> <span class='ocrx_word' id='word_1_284' title='bbox 959 2610 1112 2667; x_wconf 87' lang='lat' dir='ltr'>quibus</span> <span class='ocrx_word' id='word_1_285' title='bbox 1142 2608 1211 2650; x_wconf 85' lang='lat' dir='ltr'>ille</span> <span class='ocrx_word' id='word_1_286' title='bbox 1235 2622 1277 2648; x_wconf 82' lang='lat' dir='ltr'>sc</span> <span class='ocrx_word' id='word_1_287' title='bbox 1300 2605 1448 2647; x_wconf 82' lang='lat' dir='ltr'>timere</span> 
     </span>
    </p>
   </div>
   <div class='ocr_carea' id='block_1_5' title="bbox 239 2689 1330 2730">
    <p class='ocr_par' dir='ltr' id='par_1_7' title="bbox 239 2689 1330 2730">
     <span class='ocr_line' id='line_1_36' title="bbox 239 2689 1330 2730; baseline 0 -13"><span class='ocrx_word' id='word_1_288' title='bbox 239 2689 299 2717; x_wconf 76' lang='lat' dir='ltr'>Lx.</span> <span class='ocrx_word' id='word_1_289' title='bbox 1309 2690 1330 2730; x_wconf 80' lang='lat'><strong>7</strong></span> 
     </span>
    </p>
   </div>
  </div>
 </body>
</html>
