1774 3158
313 295 389 322 loo
855 295 886 322 S.
927 295 1118 322 Axtnaosll

307 375 415 415 »Pro
432 388 481 415 eo
504 382 550 415 ut
572 388 639 415 me
668 373 906 430 diligerent,
942 375 1219 416 detrahebant
1246 374 1346 415 mihi
1375 389 1384 415 ε
1414 389 1491 431 ego
1516 381 1655 416 autem

308 444 573 486 »orabam¹.»
596 445 762 487 Bonum
786 453 952 486 scutum
977 444 1110 486 oratio
1126 476 1136 492 ,
1162 459 1244 501 quo
1273 444 1411 485 omnia
1436 444 1658 486 adversarii

307 515 432 571 ignita
455 514 612 571 spicula
637 513 939 572 repelluntur².
966 514 1125 556 Orabat
1145 529 1244 571 ergo
1273 514 1479 556 Domissus
1499 514 1647 562 «Iesus,

305 594 346 628 et
369 585 458 642 ejus
475 585 661 627 imitator
674 584 989 628 Valentinianus
1006 585 1165 627 orabat.

363 655 562 698 XXXIII.
600 654 683 696 Sed
701 654 806 696 forte
825 654 1016 695 dicatur:
1042 654 1155 705 Quid
1172 654 1210 696 ei
1231 654 1387 711 profuit
1405 669 1476 696 sua
1495 654 1659 696 oratio?

306 726 418 767 Ecce
441 726 481 766 in
504 725 641 782 primo
664 725 757 766 vitae
780 725 937 766 occidit
960 740 1102 766 cursu.
1140 725 1204 766 De
1233 725 1448 767 celeritate
1474 726 1624 767 mortis
1641 757 1656 773 ,

306 812 390 838 non
416 797 466 838 de
490 811 643 853 genere
663 797 834 851 loquor;
865 810 949 837 non
967 795 1080 837 enim
1105 796 1382 837 accusationis
1407 811 1508 838 voce
1532 804 1626 838 utor
1646 829 1657 846 ,

309 869 381 909 sed
404 867 575 909 doloris.
606 866 689 908 Sed
707 866 831 908 etiam
852 866 1056 908 Dominus
1079 867 1248 915 orabat,
1274 876 1314 908 et
1333 866 1558 909 crucifixus
1574 877 1657 916 cst3

308 938 387 979 hoc
415 937 527 978 enim
557 936 705 978 orabat
723 969 733 984 ,
761 944 807 977 ut
828 945 1051 993 peccatum
1070 937 1217 978 mundi
1237 938 1414 980 tolleret.
1431 937 1660 979 Audiamus

308 1022 406 1064 ergo
440 1006 540 1063 quid
572 1015 664 1048 oret
694 1005 849 1047 Christi
881 1005 1313 1063 Discipuluszutique
1330 1006 1443 1062 quod
1468 1006 1663 1063 Magister

308 1078 465 1120 docuit.
496 1077 651 1118 Docuit
683 1084 823 1118 autem
850 1085 895 1117 ut
916 1077 1132 1133 vigilemus
1160 1085 1204 1118 et
1225 1092 1418 1125 oremus,
1448 1091 1500 1118 ne
1529 1077 1664 1134 ingro-

310 1148 475 1189 diamur
499 1147 540 1187 in
568 1146 860 1195 tentationem,
891 1146 972 1187 hoc
1001 1156 1078 1195 est,
1112 1162 1162 1188 ne
1189 1147 1424 1189 incidamus
1447 1147 1488 1189 in
1510 1162 1664 1204 pecca-

308 1227 410 1259 tum.
440 1216 538 1258 Haec
568 1225 630 1257 est
659 1216 771 1257 enim
799 1216 972 1257 tentatio
1002 1215 1253 1265 Christiani,
1279 1216 1376 1258 siin
1403 1230 1487 1258 suae
1517 1216 1664 1258 animm

307 1287 543 1345 periculum
565 1286 831 1343 prolabatur:
848 1295 1028 1328 mortem
1049 1295 1189 1329 autem
1213 1286 1362 1328 timere
1385 1301 1469 1328 non
1491 1295 1553 1328 est
1576 1301 1665 1344 pcr-

309 1356 513 1399 fectionis.

367 1424 569 1469 XXXIV.
607 1424 771 1482 Rogare
794 1433 933 1466 autem
957 1425 1048 1481 quis
1067 1426 1192 1467 debet
1209 1430 1250 1466 et
1266 1440 1341 1482 pro
1364 1423 1543 1467 inimicis
1562 1425 1662 1472 suis,

311 1511 430 1538 orare
461 1495 587 1537 etiam
618 1510 693 1552 pro
726 1495 1089 1551 persequentibus,
1127 1495 1234 1537 sicut
1263 1494 1469 1536 Dominus
1501 1495 1660 1542 orabat,

311 1568 454 1610 dicens
477 1582 518 1608 :a
538 1570 677 1614 Pater,
715 1565 878 1607 dimitte
911 1566 1011 1613 illis3
1046 1581 1130 1607 non
1161 1566 1274 1607 enim
1304 1566 1443 1607 sciunt
1476 1566 1577 1622 quid
1605 1565 1666 1606 sa—

313 1657 328 1677 »
344 1637 500 1680 ciunt³.
523 1656 538 1676 n
554 1637 660 1679 Vide
683 1635 951 1679 clementiam
976 1651 1186 1693 magnam.
1216 1637 1279 1678 Illi
1302 1651 1424 1678 suum
1446 1651 1667 1694 perseque-

312 1708 469 1749 bantur
499 1715 736 1755 auctorem,
773 1706 861 1763 ipse
888 1707 1132 1749 adversariis
1165 1707 1290 1748 etiam
1325 1706 1464 1764 gravia
1493 1695 1666 1764 peccata

315 1779 523 1824 donabat;
549 1778 649 1834 quin
675 1778 800 1819 etiam
831 1777 1075 1834 ignorantiae
1107 1778 1314 1820 velamine
1340 1778 1565 1820 excusabat
1595 1777 1669 1819 ad-

315 1850 489 1891 missum
505 1881 514 1896 ,
543 1849 685 1890 dicens
708 1862 718 1889 t
739 1866 752 1885 u
772 1848 881 1900 Quia
907 1848 1101 1890 nesciunt
1131 1848 1233 1904 quid
1262 1847 1446 1895 faciunt;
1470 1866 1485 1887 υ
1507 1862 1603 1889 nam
1635 1847 1667 1888 si

315 1919 485 1967 scirent,
520 1917 752 1959 Dominum
784 1932 868 1959 non
902 1927 1257 1975 persequerentur
1300 1933 1440 1965 suum,
1474 1917 1516 1959 in
1548 1917 1668 1973 cujus

315 1997 521 2046 potestate
540 2004 587 2030 ac
606 1988 699 2044 jure
716 1989 892 2030 salutem
916 2003 1005 2029 esse
1026 2004 1142 2029 suam
1165 1988 1479 2030 arbitrarentur.
1502 1988 1552 2029 Et
1572 1988 1667 2043 quia

317 2076 401 2102 non
433 2061 518 2101 sola
546 2059 699 2101 Christi
729 2067 1017 2116 persecutores
1040 2059 1130 2113 ejus
1153 2067 1274 2100 erant
1296 2066 1431 2100 morte
1461 2057 1666 2106 contenti,

319 2131 530 2173 addebant
555 2129 778 2171 maledicta
802 2139 925 2185 atque
947 2130 1151 2178 convicia,
1178 2137 1224 2170 ut
1246 2129 1301 2171 ait
1324 2129 1410 2186 ipse
1435 2144 1477 2170 z«
1494 2127 1669 2172 Maledi-

317 2208 444 2243 »cent
469 2200 559 2257 ipsi,
592 2209 632 2242 et
661 2208 707 2241 tu
737 2200 1002 2242 benedices&
1037 2199 1227 2242 »Docuit
1261 2214 1335 2241 nos
1372 2199 1486 2256 quod
1519 2198 1669 2240 timere

318 2271 540 2313 maledicta
564 2271 904 2328 persequentium
927 2271 1102 2313 minime
1125 2272 1377 2319 debeamus,
1402 2285 1497 2313 cum
1520 2270 1670 2312 habea·

317 2356 411 2383 mus
447 2341 757 2383 benedictionis
795 2349 1039 2382 auctorem:
1064 2356 1141 2383 nec
1172 2356 1341 2383 movere
1372 2356 1446 2382 nos
1483 2338 1669 2381 convicia

317 2413 515 2458 debeant,
540 2413 611 2453 ubi
636 2414 786 2468 praesul
809 2423 884 2462 est,
912 2413 981 2469 qui
1003 2413 1132 2470 possit
1151 2413 1316 2455 auferre
1339 2411 1579 2453 maledicta.

373 2481 550 2525 XXXV.
589 2483 703 2534 Quid
735 2483 837 2525 illud
873 2485 986 2540 quod
1017 2483 1123 2525 mori
1157 2497 1241 2525 non
1272 2481 1438 2525 timuit?
1469 2481 1558 2523 Imo
1591 2493 1668 2536 pro

358 2579 367 2595 ¹
391 2572 470 2604 Psal.
491 2583 581 2611 cvm,
601 2584 631 2608 2.
661 2579 691 2606 et
709 2584 798 2617 seqq.
816 2592 854 2598 ——
872 2584 883 2599 ²
904 2574 1024 2618 Ephrs.
1052 2585 1094 2611 vi,
1131 2574 1178 2607 16.
1207 2592 1247 2599 —-
1268 2574 1279 2596 ³
1309 2573 1383 2606 Luc.
1415 2581 1511 2609 xxm,
1542 2569 1596 2608 54.
1625 2584 1664 2593 —-=

317 2628 330 2653 4
347 2620 429 2659 I'sal.
447 2637 537 2667 cvm,
559 2626 606 2658 28.
