1774 3158
298 268 349 294 DE
382 266 552 295 EXCESSU
590 264 760 293 FRATRIS
795 267 855 292 SUI
889 268 1060 301 SXTYRI,
1097 269 1172 296 Lm.
1217 269 1241 296 Ι.
1403 269 1451 297 21

102 342 261 385 dientes
289 352 497 401 praecepto
528 342 723 384 omnibus
755 352 903 400 sponte
939 345 1219 386 animantibm
1254 346 1457 401 pabulum

102 413 420 455 subministrant
434 413 467 461 ¹,
485 422 610 469 atque
630 413 668 454 id
687 414 801 469 quod
826 415 1065 470 acceperint
1085 416 1185 471 agri,
1211 417 1321 455 velut
1343 430 1456 456 cresa

102 484 294 525 centibus
313 483 449 524 usuris
473 483 816 540 multiplicatum,
835 485 1181 539 cumulatumque
1199 484 1459 526 restituunt?

159 552 304 594 XLVI.
344 553 451 610 Ergo
471 552 538 594 ille
559 552 630 609 qui
650 561 799 594 natura
818 554 925 594 duce
942 553 1070 594 divini
1098 554 1302 594 rationem
1322 554 1460 611 operis

104 623 226 679 igneo
245 623 397 664 mentis
415 621 558 679 vigore
579 632 841 680 perceperat,
866 623 986 664 scirit
1009 623 1144 680 primo
1167 624 1354 665 omnium
1379 641 1461 665 ser-

103 692 233 734 vatori
256 708 330 735 suo
354 693 529 749 gratiam
559 708 649 734 csse
673 693 934 734 referendam
952 706 961 734 ε
979 694 1050 734 sed
1079 693 1173 748 quia
1198 694 1353 734 referre
1377 709 1462 734 non

102 772 283 822 poterat,
306 763 462 805 habere
485 772 662 821 poterat.
679 764 749 805 Est
769 764 879 805 enim
899 764 1193 820 hujuscemodi
1219 765 1359 821 gratim
1382 765 1456 813 vis,

103 843 149 876 ut
172 843 214 876 ct
237 849 332 877 cum
357 834 553 882 refertur,
584 834 812 883 habeatur;
841 844 882 876 et
905 835 1100 876 habendo
1127 835 1345 877 referatur.
1378 836 1461 877 Re-

105 905 265 947 serebat
288 906 413 962 igitur
440 906 631 962 gratiam,
658 906 872 947 deferebat
895 905 1032 948 sidem.
1069 905 1173 948 Nam
1198 907 1267 962 qui
1300 915 1461 948 tantum

104 975 292 1032 mysterii
318 975 498 1016 coelestis
532 975 706 1016 involuti
729 975 768 1016 in
796 975 933 1017 orario
959 976 1197 1032 praesidium
1229 976 1372 1016 suisset
1399 991 1466 1017 ex-

105 1054 270 1103 pertus,
309 1054 513 1101 quantum
551 1045 835 1086 arbitrabatur
872 1045 904 1087 si
944 1061 1016 1087 ore
1054 1054 1265 1093 sumeret,
1306 1054 1347 1086 et
1375 1053 1463 1086 toto

107 1115 290 1172 pectoris
321 1115 509 1156 hauriret
533 1115 717 1157 arcano?
740 1131 866 1172 quam
894 1116 1029 1172 majus
1063 1116 1238 1173 putabat
1263 1116 1400 1156 susum
1423 1115 1465 1157 in

110 1185 284 1233 viscera,
310 1187 423 1241 quod
452 1194 613 1227 tantum
645 1186 723 1227 sibi
749 1195 907 1227 tectum
934 1186 1070 1227 orario
1096 1185 1348 1243 profuisset?

164 1255 330 1298 XLVII.
371 1255 455 1298 Sed
489 1271 572 1298 non
606 1257 662 1298 ita
700 1256 842 1298 avidus
878 1256 974 1305 suit,
1017 1265 1064 1297 ut
1101 1265 1208 1297 esset
1243 1257 1464 1305 incautus,-

108 1326 264 1368 scimus
286 1326 397 1368 enim
424 1328 650 1383 plerosque
674 1327 869 1369 aviditate
888 1327 1013 1368 studii
1036 1327 1356 1383 praetermittere
1375 1342 1469 1367 cau-

109 1395 277 1438 tionem.
311 1395 542 1437 Advocavit
574 1398 624 1437 ad
655 1411 698 1438 se
733 1396 1005 1453 episcopum,
1047 1412 1124 1437 nec
1165 1397 1292 1436 ullam
1325 1411 1464 1437 veram

108 1465 270 1522 putavit
291 1465 367 1506 nisi
390 1480 498 1507 verre
521 1464 618 1506 fidei
640 1466 814 1522 gratiam
832 1498 841 1513 ,
870 1474 1226 1522 percontatusque
1250 1481 1300 1506 ex
1328 1481 1377 1506 eo
1405 1474 1468 1507 est

110 1544 357 1577 utrumnam
378 1550 472 1577 cum
495 1536 702 1593 episcopis
718 1536 954 1583 catholicis,
974 1536 1054 1577 hoc
1072 1544 1149 1582 est,
1171 1551 1266 1577 cnm
1281 1536 1469 1578 Romana

109 1607 297 1649 Ecclesia
320 1606 599 1651 conveniret?
626 1607 676 1648 Et
699 1607 806 1648 sorte
831 1607 940 1648 adid
962 1609 1152 1648 locorum
1181 1607 1221 1648 in
1245 1607 1471 1649 schismate

70 1677 74 1682 ’
111 1678 290 1735 regionis
309 1678 417 1720 illius
436 1677 625 1720 Ecclesia
648 1686 757 1726 erat3
783 1678 951 1719 Lucifer
968 1679 1080 1720 enim
1100 1693 1142 1719 se
1165 1693 1183 1719 a
1205 1686 1345 1719 nostra
1370 1687 1472 1720 tunc

113 1748 318 1805 temporis
348 1748 649 1790 communione
679 1748 897 1798 diviserat,
933 1758 974 1790 et
1002 1763 1241 1804 quanquam
1275 1763 1350 1805 pro
1386 1747 1469 1789 fide

114 1820 343 1867 exulasset,
378 1826 417 1859 et
450 1817 547 1859 fidei
581 1834 664 1859 suze
692 1819 929 1875 reliquisset
962 1818 1175 1865 haeredcs3
1203 1833 1285 1858 non
1314 1819 1474 1874 putavit

115 1898 255 1931 tamen
275 1888 402 1930 fidem
420 1904 509 1929 esse
530 1888 569 1929 in
591 1887 828 1929 schismate.
858 1887 962 1930 Nam
982 1887 1058 1929 etsi
1080 1887 1205 1928 fidem
1224 1902 1319 1944 erga
1337 1888 1474 1929 Deum

117 1967 323 2008 tenerent,
358 1967 501 2001 tamen
529 1973 627 2015 erga
650 1959 727 1999 Dei
751 1959 982 2001 Ecclesiam
1006 1974 1089 2000 non
1112 1959 1327 2006 tenebant,
1355 1959 1476 2015 cujus

116 2030 389 2088 patiebantur
411 2030 526 2071 velut
550 2030 753 2086 quosdam
778 2037 890 2069 artus
915 2029 1064 2077 dividi,
1089 2037 1130 2069 et
1153 2028 1343 2069 membra
1366 2029 1479 2070 lace*

118 2102 213 2144 rari.
244 2101 410 2142 Etenim
435 2115 532 2142 cum
561 2108 735 2157 propter
763 2098 994 2141 Ecclesiam
1020 2099 1210 2140 Christus
1240 2114 1383 2155 passus
1406 2099 1473 2147 sit,

119 2182 161 2216 et
188 2172 342 2214 Christi
366 2186 520 2229 corpus
544 2170 731 2212 Ecclesia
755 2169 861 2217 sit²;
887 2185 972 2211 non
999 2170 1167 2211 videtur
1197 2170 1246 2211 ab
1271 2170 1333 2210 his
1357 2169 1477 2210 exhi-

119 2243 208 2285 heri
241 2241 410 2283 Christo
443 2240 571 2289 fides,
599 2256 619 2281 a
642 2240 796 2297 quibus
828 2247 1056 2281 evacuatur
1078 2240 1166 2296 ejus
1195 2240 1356 2297 passio,
1382 2254 1478 2281 cor-

121 2327 282 2371 pusque
303 2311 561 2353 distrahitur.

182 2381 371 2425 XLVIII.
411 2382 556 2437 Itaque
579 2381 768 2437 quamvis
789 2381 930 2437 gratiae
953 2381 1086 2422 soenus
1115 2389 1299 2427 teneret,
1324 2388 1365 2421 et
1387 2394 1478 2420 me-

130 2460 268 2494 tueret
292 2451 397 2492 tanti
420 2450 599 2491 nominis
626 2451 793 2492 debitor
819 2451 1038 2507 navigare3
1059 2460 1200 2492 tamen
1228 2465 1276 2491 co
1306 2448 1481 2490 transire

126 2521 299 2572 maluit,
327 2520 397 2562 ubi
420 2529 512 2562 tuto
533 2529 674 2578 posset
696 2522 889 2563 exolvere
918 2536 926 2562 :
952 2521 1170 2578 judicabat
1196 2521 1308 2562 enim
1332 2519 1480 2561 divinae

176 2620 189 2637 ¹·
207 2613 291 2646 Gen.
312 2623 335 2652 ι,
362 2622 373 2643 1
388 2624 412 2646 ι.
430 2631 469 2637 -
488 2623 500 2638 =
521 2612 641 2655 Ephes.
658 2623 689 2651 v,
707 2614 757 2644 25.
