1774 3158
284 224 312 274 4
825 235 854 262 5.
895 234 1084 263 ΑΜΒῃοειι

282 316 475 358 humanis
510 321 626 355 tanto
658 313 785 353 fratre
818 311 1038 368 pretiosius
1058 344 1068 359 ‚
1104 312 1210 355 nihil
1246 312 1634 362 an1ahilius,‚nihil

283 386 450 427 charius
470 399 478 425 :
501 384 574 425 sed
591 390 787 440 praestant
806 381 973 438 privatis
992 382 1176 438 publica.
1200 383 1332 439 Ipsius
1351 399 1517 440 quoque
1539 400 1630 426 seu-

283 455 456 496 tentiam
479 453 510 494 si
527 452 617 508 quis
637 451 918 493 sciscitaretur
932 482 942 499 ,
961 453 1106 494 mallet
1122 453 1257 494 occidi
1277 468 1352 510 pro
1372 454 1460 496 aliis
1475 486 1485 503 ‚
1509 469 1633 511 quam

284 524 362 565 sibi
391 524 553 570 vivere3
580 530 799 579 propterea
831 520 942 562 enim
973 535 1047 578 pro
1069 521 1264 564 omnibus
1296 524 1529 566 secundum
1549 539 1638 566 car-

284 609 379 636 nem
402 593 591 635 Christus
614 600 677 634 est
698 590 932 638 mortuus¹,
959 599 1005 632 ut
1025 606 1099 632 nos
1122 606 1207 633 non
1231 592 1328 634 solis
1350 593 1472 635 nobis
1496 593 1635 636 vivere

287 664 559 706 disceremus.

344 734 416 775 III.
453 731 628 774 Accedit
647 731 749 773 illud
767 731 879 787 quod
900 731 1084 788 ingratus
1102 730 1316 775 Divinitati
1335 748 1424 775 esse
1442 748 1525 775 non
1544 748 1637 792 pos-

289 820 381 847 sum
412 819 421 845 :
446 803 672 845 laetandum
695 810 757 843 est
780 801 892 842 enim
917 801 1047 858 magis
1072 803 1184 858 quod
1214 803 1337 844 talem
1362 803 1531 845 fratrem
1560 803 1637 845 ha-

285 872 476 920 buerim,
509 886 633 927 quam
665 871 895 912 dolendum
923 871 1037 926 quod
1060 871 1231 913 fratrem
1265 871 1502 920 amiserim3
1535 872 1638 914 illud

285 944 396 986 enim
423 957 597 990 munus,
629 941 709 982 hoc
738 940 927 982 debitum
956 948 1030 982 est.
1066 941 1212 997 Itaque
1238 942 1485 998 perfunctus
1515 956 1606 983 sum
1625 973 1636 990 ,

284 1014 471 1072 quaudiu
492 1013 632 1060 licuit,
654 1011 878 1053 commisso
899 1011 1003 1052 mihi
1026 1011 1187 1053 foenore
1208 1027 1218 1053 ε
1242 1012 1312 1068 qui
1337 1011 1531 1069 deposuit
1553 1012 1639 1070 pig-

286 1103 364 1129 nus
379 1119 389 1134 ,
414 1085 586 1142 recepit.
619 1082 730 1126 Nihil
748 1083 921 1124 interest
945 1091 1087 1124 utrum
1107 1083 1272 1139 abjures
1291 1084 1526 1141 depositum
1547 1117 1558 1133 ‚
1585 1098 1635 1126 an

287 1160 426 1201 doleas
444 1155 696 1197 restitutum.
714 1154 760 1193 In
780 1161 957 1208 utroque
971 1152 1068 1194 fidei
1085 1153 1345 1210 ambiguum,
1361 1154 1454 1195 vitae
1473 1154 1639 1210 pericu·

284 1231 374 1273 lum
398 1236 460 1269 est
486 1228 519 1281 (ι
541 1225 639 1281 bis).
668 1224 732 1266 An
756 1223 787 1264 si
812 1222 1034 1280 pecuniam
1057 1237 1197 1280 neges,
1222 1225 1345 1280 culpa
1368 1232 1431 1265 est
1449 1239 1458 1264 z
1479 1225 1512 1266 si
1536 1225 1639 1267 lios-

287 1303 388 1344 tiam
410 1297 695 1355 neges‚pietas
719 1294 813 1336 est?
833 1309 929 1336 cum
951 1294 1140 1351 pecuniae
1163 1294 1389 1336 foenerator
1410 1295 1527 1337 illudi
1542 1311 1633 1353 pos-

288 1373 526 1421 sit‚naturae
546 1374 691 1409 auctor
706 1397 716 1413 ‚
739 1374 781 1406 ct
804 1363 1123 1406 necessitudinis
1145 1364 1329 1406 creditor
1351 1364 1633 1408 fraudarinon

287 1449 426 1499 queat.
450 1440 595 1494 Itaque
619 1443 776 1492 quanto
801 1434 972 1477 uberior
988 1434 1159 1477 soenoris
1187 1450 1349 1477 summa
1366 1468 1376 1485 ‚
1401 1442 1518 1477 tanto
1550 1451 1641 1493 gra·

287 1513 368 1554 tior
389 1509 510 1552 sortis
536 1522 676 1548 usura.

347 1579 416 1622 [V.
457 1578 578 1620 Unde
607 1574 757 1633 ingrati
789 1574 840 1616 de
865 1573 992 1616 fratre
1023 1590 1112 1616 esse
1151 1590 1237 1617 non
1267 1590 1515 1633 possumus;
1545 1576 1642 1633 quia

287 1653 401 1709 quod
425 1658 582 1691 naturae
606 1644 843 1688 communis
867 1644 946 1687 suit
962 1677 972 1693 ,
998 1645 1180 1688 reddidit
1208 1661 1217 1687 ε
1242 1647 1355 1703 quod
1387 1647 1530 1704 gratiae
1554 1647 1642 1689 sin·

284 1720 437 1780 gularis
465 1726 549 1766 est,
574 1716 742 1758 meruit.
778 1714 883 1766 Quis
910 1715 1022 1757 enim
1052 1731 1324 1759 communem
1354 1717 1640 1760 conditionem

286 1789 483 1835 recuset?
510 1788 612 1839 Quis
637 1787 777 1829 doleat
795 1786 870 1827 sibi
895 1786 1113 1843 proprium
1134 1787 1283 1844 pignus
1302 1796 1518 1845 ereptum,
1545 1803 1642 1830 cum

291 1864 342 1906 ad
364 1860 559 1903 solatium
588 1857 718 1899 nostri
741 1855 895 1898 Filium
921 1871 1045 1898 suum
1068 1857 1243 1899 unicum
1268 1873 1343 1915 pro
1368 1857 1489 1899 nobis
1521 1857 1644 1900 Pater

291 1930 511 1974 tradiderit
535 1929 586 1969 ad
608 1935 787 1969 mortem
804 1924 842 1966 ²?
870 1925 973 1976 Quis
998 1935 1221 1984 exceptum
1239 1943 1280 1968 se
1303 1935 1422 1984 putet
1448 1942 1540 1968 esse
1569 1927 1644 1969 de·

291 2004 393 2045 bere
417 2017 437 2042 a
468 1999 708 2042 conditione
741 1996 970 2045 moriendi,
1002 1996 1071 2052 qui
1100 2012 1184 2038 non
1214 1997 1264 2038 sit
1287 2006 1486 2055 exceptus
1509 2013 1529 2039 a
1547 2011 1644 2040 con-

294 2072 450 2116 ditione
473 2067 698 2112 nascendi?
725 2067 919 2122 Magnum
949 2065 1115 2122 pietatis
1149 2067 1422 2123 mysterium,
1453 2076 1500 2109 ut
1530 2082 1643 2110 mors

293 2144 480 2201 eorporis
514 2156 591 2184 nec
623 2140 662 2180 in
699 2138 864 2180 Christo
896 2146 1005 2179 essct
1035 2146 1234 2195 excepta;
1280 2153 1326 2180 ac
1358 2139 1457 2180 licet
1486 2147 1644 2181 natura:

292 2215 497 2260 Dominus
513 2245 522 2261 ‚
549 2210 685 2253 carnis
713 2217 852 2251 tamen
879 2223 1005 2264 quam
1026 2217 1289 2266 susceperat,
1318 2210 1452 2266 legem
1475 2224 1559 2251 non
1583 2225 1645 2251 re·

294 2292 471 2329 cusaret.
502 2283 554 2324 Et
584 2280 687 2322 mihi
715 2293 885 2321 necesse
914 2287 976 2320 est
1004 2278 1134 2325 mori,
1168 2278 1226 2320 illi
1249 2293 1420 2320 necesse
1443 2294 1527 2321 non
1548 2279 1638 2322 fuit.

292 2355 356 2398 An
382 2354 453 2410 qui
480 2354 532 2394 de
557 2365 675 2393 servo
700 2348 803 2391 dicit
826 2362 867 2388 t«
884 2348 928 2390 Si
955 2363 1052 2390 eum
1077 2348 1171 2389 volo
1200 2347 1259 2390 sie
1282 2363 1476 2398 manere,
1509 2350 1644 2391 donec

291 2443 307 2465 n
322 2423 442 2467 venio
459 2455 469 2471 ‚
494 2421 598 2478 quid
620 2421 671 2462 ad
697 2418 914 2461 te³Pnnon
938 2418 1078 2475 potuit
1102 2418 1189 2475 ipse
1207 2418 1265 2460 sic
1286 2433 1482 2472 manere,
1507 2418 1539 2460 si
1561 2421 1645 2462 vel·

287 2494 374 2540 let?
392 2493 476 2536 Sed
495 2491 776 2550 perpetuitate
797 2489 890 2531 vitae
910 2488 1036 2546 hujus
1060 2489 1138 2531 sibi
1160 2489 1369 2547 pretium-5
1391 2488 1495 2533 mihi
1520 2490 1644 2534 sacri·

333 2587 340 2608 ¹
361 2595 376 2616 2
394 2583 473 2615 Cor.
492 2594 524 2622 v,
543 2582 594 2615 15.
611 2598 648 2604 —-
670 2590 681 2604 ²
707 2579 800 2612 Rom·
824 2581 966 2614 vnn-32.
992 2597 1031 2604 —
1051 2580 1065 2604 ³
1084 2579 1180 2614 Joan.
1201 2590 1267 2618 xxi,
1288 2591 1339 2612 η.
