1774 3158
270 184 322 211 DE
355 183 527 212 EXCESSU
560 183 731 211 FRATRIS
763 184 825 212 SUI
858 185 1024 220 SATYRI,
1061 187 1139 215 Lm.
1178 189 1204 216 1.
1364 179 1410 219 3!

79 270 144 303 tus
166 269 362 317 evaporat
388 260 574 303 affectus.
614 260 759 317 Neque
787 261 901 302 enim
923 263 1011 304 sine
1044 272 1083 305 te
1103 279 1191 306 esse
1211 280 1381 323 possum
1404 301 1414 316 ,

75 338 145 372 aut
168 330 230 372 tui
253 346 337 372 non
360 331 597 372 meminisse
615 346 816 387 unquam,
833 340 903 373 ant
920 334 1156 376 meminisse
1173 335 1260 377 sine
1276 337 1418 393 lacry-

73 402 165 442 mis.
196 400 232 442 O
255 401 381 443 amari
404 401 490 442 dies
511 433 521 448 ,
547 400 617 456 qui
640 400 917 458 interruptam
942 404 1135 458 copulam
1160 404 1355 461 proditis!
1381 407 1416 449 O

72 470 235 513 flebiles
271 480 416 513 noctes
438 504 448 520 ,
483 486 577 527 qnae
604 479 686 512 tam
716 471 875 513 bonum
899 481 1139 515 consortem
1162 476 1311 530 quietis
1335 510 1345 525 ,
1376 487 1417 520 et

73 542 334 584 individuum
356 542 458 584 mihi
481 542 675 584 comitem
700 543 937 599 perdidistis
959 545 967 584 l
992 544 1106 595 Quas
1122 548 1298 589 ederetis
1323 563 1418 590 cru-

73 627 158 660 ces,
177 612 255 653 nisi
275 628 316 653 se
335 611 572 653 offunderet
591 611 728 669 imago
746 613 959 669 praesentis
973 646 983 662 ,
1006 614 1083 656 nisi
1098 616 1274 658 visiones
1293 618 1416 660 animi

72 691 440 740 repraesentarent‚
469 698 593 738 quem
616 682 774 739 species
804 683 990 741 corporis
1013 684 1264 742 denegaret?

129 751 300 795 LXXV.
338 753 433 794 <lam
454 751 557 809 jam,
582 752 709 794 frater
733 753 871 795 animo
890 769 983 796 meo
1006 754 1269 805 charissime,
1290 773 1418 814 quan-

72 838 196 880 quam
220 832 264 864 tu
289 823 512 865 immaturo
538 822 764 866 decesseris
797 824 946 872 obitu3
974 824 1120 867 beatus
1154 835 1290 870 tamen
1312 861 1321 877 ‚
1347 830 1419 885 qui

73 895 146 936 ista
172 909 256 936 non
279 894 479 942 sustines,
514 909 592 936 nec
627 895 823 936 amissum
843 894 1016 937 fratrem
1038 911 1216 939 moerere
1239 902 1420 957 compel-

17 983 23 988 ·
72 966 167 1009 ieris
189 998 199 1014 ,
223 981 347 1022 quem
377 966 589 1007 absentem
614 965 685 1007 diu
708 966 817 1007 serre
840 981 923 1007 non
947 975 1132 1023 poteras,
1153 968 1225 1010 sed
1248 985 1420 1013 recursu

71 1036 196 1078 celeri
218 1036 437 1078 revisebas.
472 1035 598 1086 Quod
628 1036 659 1076 si
697 1044 799 1077 tnnc
821 1037 1056 1078 solitudinis
1081 1053 1183 1080 meae
1211 1039 1328 1081 taedia
1352 1056 1419 1082 re-

69 1109 249 1165 pellere,
274 1106 513 1161 moestitiam
541 1106 732 1147 fraternae
755 1107 906 1148 mentis
925 1107 1116 1149 ablevare
1135 1110 1418 1166 properabas;

70 1185 226 1234 quanto
250 1191 365 1218 nunc
390 1175 581 1217 crebrius
604 1175 807 1217 afflictum
837 1176 1022 1218 animum
1046 1178 1172 1220 debes
1205 1179 1387 1222 revisere
1405 1213 1417 1230 ‚

70 1256 111 1290 et
134 1262 184 1289 ex
206 1257 246 1288 te
273 1255 550 1303 conceptum,
572 1261 645 1303 per
671 1255 708 1287 te
728 1246 860 1287 lenire
882 1247 1141 1288 moerorem?

125 1317 318 1361 LXXVI.
355 1317 410 1359 At
427 1317 529 1358 mihi
548 1325 690 1358 tamen
710 1318 780 1359 dat
793 1318 948 1373 aliquas
963 1317 1086 1360 ossieii
1102 1334 1201 1361 usus
1214 1319 1417 1369 inducias,

68 1396 110 1430 et
129 1387 317 1444 obsequii
335 1387 603 1429 sacerdotalis
624 1387 802 1429 intentio
827 1388 999 1440 abducit
1019 1389 1204 1431 animum
1228 1404 1238 1431 ε
1264 1399 1418 1432 sanetae

67 1474 166 1501 vero
201 1459 334 1500 sorori
367 1458 470 1515 quid
506 1457 607 1506 fiet,
645 1473 736 1514 quae
766 1457 866 1500 licet
897 1459 1037 1500 divino
1071 1468 1186 1502 metu
1219 1461 1418 1518 pietatem

68 1537 302 1587 temperet3
327 1544 471 1570 rursus
492 1537 629 1570 tamen
651 1528 785 1586 ipsum
807 1529 972 1585 pietatis
990 1531 1178 1573 dolorem
1201 1533 1340 1574 studio
1359 1548 1422 1574 re-

66 1601 231 1657 ligionis
259 1600 451 1642 accendit
471 1632 482 1648 ‚
506 1608 631 1641 strata
655 1600 772 1641 humi
794 1633 804 1649 ,
831 1609 872 1642 et
894 1609 1029 1642 totum
1053 1602 1213 1659 gremio
1233 1603 1295 1645 sui
1311 1619 1422 1645 com-

70 1673 189 1730 plexa
212 1673 422 1713 tumulum
442 1703 451 1714 .
478 1671 690 1713 laborioso
718 1670 822 1712 sessa
851 1671 1042 1720 incessu,
1073 1672 1200 1714 tristis
1235 1673 1387 1716 affectu
1408 1706 1418 1723 ,

76 1742 162 1784 dies
184 1750 414 1798 noctesque
435 1756 660 1783 moerorem
684 1740 894 1797 integrat?
917 1740 1021 1783 Nam
1040 1741 1138 1784 licet
1166 1742 1314 1784 fletum
1336 1744 1424 1800 ple*

74 1827 253 1869 rumque
291 1827 484 1854 sermone
521 1812 774 1869 suspendat,
811 1812 852 1853 in
889 1812 1079 1854 oratione
1116 1821 1288 1854 renovat
1329 1828 1338 1854 :
1384 1823 1425 1855 et

75 1883 262 1940 quamvis
282 1882 598 1939 Scriptnrarum
626 1882 826 1923 memoria
852 1881 1159 1923 consolationes
1189 1882 1424 1924 serentibus

74 1961 327 2010 praecurrat3
358 1952 488 1995 flendi
517 1960 656 1993 tamen
681 1952 934 1994 desiderium
960 1951 1160 2008 precandi
1185 1952 1426 1994 assiduitate

76 2012 627 2081 compensatstac'rymarum
641 2022 878 2063 ubertatem
893 2031 992 2064 tunc
1010 2022 1237 2079 praecipue,
1259 2023 1426 2078 quando

76 2109 200 2137 nemo
223 2095 530 2151 interrumpere
552 2093 704 2150 possit,
730 2094 979 2135 instaurans.
1002 2094 1064 2134 Ita
1091 2094 1204 2149 quod
1225 2092 1427 2135 miserea-

77 2163 132 2206 ris
149 2196 160 2214 ‚
186 2163 315 2206 habes
342 2178 350 2205 :
375 2165 490 2219 qnod
507 2163 789 2220 reprehendas
807 2195 816 2211 ,
840 2178 923 2204 non
947 2163 1100 2211 habes;
1126 2162 1228 2204 flere
1247 2162 1360 2204 enim
1386 2162 1428 2204 in

80 2234 271 2277 oratione
291 2234 455 2275 virtutis
476 2242 551 2275 est.
586 2231 639 2275 Et
670 2247 911 2289 quanquam
944 2231 1055 2274 istud
1080 2233 1284 2274 familiare
1308 2231 1430 2289 virgi-

78 2304 223 2352 nibus,
248 2305 398 2361 qnibns
422 2304 590 2346 mollior
616 2319 735 2345 sexus
752 2337 760 2351 ‚
796 2303 980 2345 tenerior
1010 2302 1210 2351 affectus,
1236 2303 1430 2344 contuitu

81 2375 315 2416 communis
349 2374 580 2432 fragilitatis
616 2375 658 2415 in
689 2375 897 2430 lacrymas
927 2373 1054 2415 etiam
1093 2373 1182 2414 sine
1211 2371 1430 2414 domestici

80 2460 204 2486 sensu
224 2445 375 2487 doloris
397 2446 622 2493 exuberat3
648 2453 787 2486 tamen
814 2458 910 2485 cum
933 2443 1068 2500 major
1082 2457 1204 2486 cansa
1220 2441 1427 2483 moerendi

81 2524 165 2568 est,
193 2514 286 2558 finis
309 2516 557 2558 moeroribus
582 2516 836 2559 excluditur.
