1774 3158
259 226 344 275 344
824 240 854 266 s.
896 240 1087 267 AMssnosn

254 317 479 373 exagitant,
504 333 557 358 ne
576 318 676 359 dum
694 332 761 359 mc
786 318 951 366 tenetis,
978 318 1263 375 perniciosum
1292 320 1449 377 aliquid
1470 330 1614 363 vestrae

256 387 474 428 oboriatur
505 387 639 428 saluti.
675 387 760 444 Ego
792 388 903 429 enim
940 388 1025 444 jam
1063 388 1190 430 didici
1222 405 1307 430 non
1334 390 1481 431 timerc
1509 406 1518 431 ε
1543 391 1616 432 sed

255 457 373 500 vobis
396 457 543 499 timere
572 458 665 514 plus
692 458 814 516 coepi.
836 458 985 507 Sinite,
1012 474 1178 515 quaesO,
1204 468 1389 501 vestrum
1418 462 1615 502 sacerdo—

219 544 225 555 ¹
257 535 343 569 tem
369 528 569 584 cgqggedi
592 527 821 571 :habemus
845 530 1127 571 adversarium
1142 531 1210 586 qui
1232 531 1420 580 lacessit3
1438 531 1616 574 «Adver-

255 597 416 640 »sarius
443 598 555 641 enim
579 608 720 642 noster
750 600 966 649 diabolus,
1003 600 1110 642 sicut
1145 601 1211 642 leo
1241 602 1412 658 rugiens
1437 602 1612 651 circuit,

253 684 472 725 »quaerens
504 685 630 726 quem
662 671 882 720 devm-ev,
915 680 1001 713 »ut
1032 671 1259 728 Apostolus
1295 671 1411 713 dixit.
1439 671 1617 728 Accepit

253 739 342 780 sine
365 739 519 787 dubio,
546 741 710 797 accepit
736 741 847 796 (non
872 740 1073 789 fallimur,
1099 740 1171 782 sed
1196 740 1494 797 admonemur)
1521 750 1616 782 tcn—

254 809 371 850 tandi
405 809 650 866 hujusmodi
683 819 963 868 potestatem3
1002 826 1054 852 ne
1086 810 1192 852 forte
1216 812 1406 868 corporis
1431 811 1512 852 mei
1531 813 1618 853 vul-

252 880 424 921 neribus
446 881 600 937 possim
624 896 644 921 a
667 880 765 922 fidei
788 882 1022 923 intentione
1045 882 1246 923 revocari.
1272 881 1448 938 Legis-tis
1475 890 1517 923 et
1544 896 1616 923 vos

252 951 346 1006 quiz«
378 952 520 991 multis
538 951 795 993 his‘tentavit
816 963 1010 993 sanctum
1029 952 1111 993 Job
1136 953 1358 993 diabolus:
1382 954 1432 994 ad
1450 960 1617 1009 postre-

254 1034 370 1060 mum
394 1028 646 1077 potestatem
671 1020 916 1077 hujusmodi
932 1022 1069 1079 petiit,
1097 1031 1138 1064 et
1161 1023 1344 1079 accepit,
1374 1030 1417 1064 ut
1436 1030 1617 1064 tentaret

254 1104 407 1146 corpus
429 1089 543 1146 ejus,
563 1092 678 1147 quod
700 1091 883 1148 perfudit
904 1092 1130 1133 ulceribus.

318 1159 360 1202 V.
401 1160 508 1202 Cum
535 1170 643 1203 esset
676 1163 939 1220 propositum
961 1171 1007 1202 ut
1030 1162 1228 1204 Ecclesiae
1249 1177 1340 1204 vasa
1365 1162 1450 1219 jam
1473 1164 1617 1205 trade-

254 1248 399 1275 remus
429 1235 546 1290 (127)
567 1266 578 1282 ,
605 1233 688 1275 hoc
712 1234 901 1290 responsi
939 1233 1103 1275 reddidi
1127 1249 1135 1274 ε
1163 1234 1253 1282 Me,
1283 1234 1315 1275 si
1339 1235 1389 1275 de
1421 1235 1523 1275 meis
1548 1234 1617 1276 ali-

252 1303 354 1359 quid
377 1312 640 1361 posceretur,
670 1314 738 1346 aut
762 1305 914 1347 fundus
930 1338 939 1353 ‚
965 1314 1034 1346 aut
1060 1306 1208 1346 domus
1224 1338 1233 1353 ‚
1263 1315 1333 1346 aut
1358 1320 1523 1354 aurum,
1547 1314 1619 1347 aut

253 1384 491 1432 argentum,
516 1376 557 1417 id
576 1378 689 1433 quod
712 1377 795 1418 mei
822 1377 926 1433 juris
949 1385 1072 1426 esset,
1099 1378 1281 1419 libenter
1304 1377 1455 1419 offerre
1477 1393 1486 1419 :
1512 1386 1615 1419 tem-

254 1450 325 1505 plo
356 1447 432 1490 Dei
464 1447 569 1490 nihil
601 1464 724 1506 posse
754 1448 1006 1505 decerpere,
1040 1463 1119 1490 nec
1150 1450 1317 1491 tradere
1346 1449 1473 1498 iliud,
1500 1448 1617 1505 quod

254 1519 605 1567 custodiendum,
644 1534 728 1560 non
753 1520 1005 1561 tradendum
1040 1519 1289 1576 acceperim.
1326 1520 1487 1561 Deinde
1511 1534 1615 1562 con-

255 1591 392 1630 sulere
418 1605 485 1631 me
509 1590 635 1631 etiam
666 1590 929 1646 imperatoris
954 1590 1103 1638 saluti3
1138 1591 1233 1646 quia
1261 1604 1338 1631 nec
1363 1589 1466 1631 mihi
1493 1605 1616 1646 expe-

252 1660 361 1702 diret
385 1661 566 1707 tradere,
587 1675 665 1702 nec
685 1660 742 1701 illi
762 1660 952 1717 accipere
966 1660 1179 1717 gffiaccipiat
1200 1660 1313 1701 enim
1329 1675 1476 1702 vocem
1494 1659 1616 1702 liberi

253 1731 506 1780 sacerdoffl,
538 1731 570 1773 si
596 1733 683 1774 vult
708 1731 785 1773 sihi
810 1747 900 1774 esse
927 1732 1191 1780 consultum,
1217 1732 1388 1773 recedat
1411 1746 1432 1772 a
1461 1727 1615 1774 Christi

255 1802 424 1858 injuria.

312 1872 379 1914 VI.
418 1873 516 1914 Haec
549 1874 672 1930 plena
703 1873 950 1915 humilitatis
988 1881 1105 1921 sunt,
1133 1882 1173 1914 et
1203 1881 1249 1914 ut
1274 1872 1471 1920 arbitror,
1493 1873 1616 1929 plena

252 1942 426 1985 affectus
450 1944 565 2000 ejus,
594 1959 721 2000 quem
746 1944 989 2000 imperatori
1023 1945 1147 1985 debet
1174 1944 1382 1985 sacerdos.
1413 1944 1496 1985 Sed.
1520 1943 1615 2000 quia

264 2032 278 2052 ι(
301 2014 431 2056 Lucia
460 2014 581 2055 nohis
605 2023 666 2056 cst
695 2030 778 2056 non
805 2015 941 2056 solum
967 2015 1165 2056 adversus
1192 2028 1361 2054 carnem
1387 2021 1428 2054 et
1453 2013 1616 2070 sangui-

260 2101 411 2134 »ncm3
439 2087 511 2127 sed
531 2085 656 2127 etiam
673 2118 683 2134 ‚
709 2103 725 2124 ι)
754 2088 867 2142 quod
887 2086 1051 2142 gravius
1073 2093 1158 2133 est,
1184 2085 1425 2126 «Adversus
1453 2084 1616 2141 spirita-

261 2158 341 2199 »lia
366 2157 579 2214 nequitiae,
603 2173 694 2213 qnae
713 2165 809 2199 sunt
829 2158 869 2199 in
894 2155 1175 2208 coelestihus²,
1194 2176 1208 2195 »
1233 2164 1415 2198 tentator
1436 2156 1505 2198 ille
1528 2156 1618 2198 dia-

256 2230 379 2271 bolus
417 2244 492 2285 per
537 2228 750 2270 ministros
797 2243 892 2270 suos
931 2236 1145 2269 certamen
1185 2235 1332 2283 auget,
1373 2227 1616 2270 vulneribus

253 2298 440 2355 corporis
473 2298 553 2339 mei
586 2299 888 2354 experiendum
914 2298 1156 2340 arbitratur.
1186 2297 1300 2344 Scio,
1335 2296 1498 2345 fratres,
1523 2297 1616 2339 vul-

253 2384 353 2411 nera
371 2369 477 2416 hccc,
503 2383 595 2424 quae
618 2383 692 2425 pro
719 2368 886 2409 Christo
906 2368 1137 2425 excipimus
1155 2400 1164 2416 ,
1197 2383 1280 2409 non
1303 2382 1394 2408 csse
1414 2367 1584 2408 vulnera
1601 2399 1613 2416 ,

251 2439 404 2495 quibus
425 2439 506 2479 vita
533 2453 617 2479 non
643 2439 868 2486 amittitur,
889 2439 963 2480 sed
982 2447 1251 2496 propagatur.
1277 2437 1428 2487 Sinite,
1456 2451 1611 2493 quaeso,

252 2525 342 2552 csse
370 2517 621 2551 certamen:
653 2517 911 2565 spectatores
945 2524 1015 2551 vos
1049 2525 1137 2551 esso
1172 2510 1306 2550 dccet.
1343 2507 1615 2549 Considerate

301 2610 306 2625 ¹
336 2611 344 2632 ι
368 2600 454 2633 Pctr,
474 2611 503 2637 v,
521 2600 552 2631 8.
567 2617 606 2624 —-
622 2609 634 2624 ⁸
653 2599 907 2643 Ephes.v¹,12.
