1774 3158
296 235 373 274 133
836 246 865 272 s.
906 246 1095 275 Amnaosu

347 324 586 367 xxxt‘ffl.
624 325 726 366 Ideo
752 325 1006 366 centesimus
1028 331 1199 380 quartus
1224 322 1412 364 decimus
1430 322 1633 369 psalmus,

287 394 383 449 quia
420 393 702 435 remuneratio
745 394 956 436 charitatis
998 402 1060 435 est
1081 408 1090 434 :
1113 394 1223 434 unde
1268 391 1437 434 Domini
1476 390 1637 432 Pascha

289 472 435 519 quarta
451 463 612 505 decima
630 465 727 505 luna
753 464 928 506 sormam
957 462 1210 505 celebritatis
1229 461 1414 517 accepit3
1440 460 1637 516 quoniam

288 533 358 590 qui
380 534 538 576 Pascha
569 535 780 584 celebrat,
807 534 933 576 debet
963 548 1051 575 esse
1082 532 1314 589 perfectus,
1345 531 1470 572 debet
1500 545 1638 572 amare

291 604 522 647 Dominum
552 605 724 652 Jesum,
755 604 826 660 qui
859 604 1033 660 diligens
1061 603 1265 659 populum
1298 616 1422 643 suum
1456 601 1640 658 perfecta

286 674 514 724 charitate,
540 690 629 716 sese
654 674 808 716 obtulit
830 673 1023 731 passioni.
1057 673 1110 714 Et
1137 687 1211 714 nos
1235 672 1294 714 sic
1318 672 1539 729 diligamus
1557 703 1568 719 ,
1593 680 1641 713 ut

287 744 319 786 si
344 759 512 786 neccsse
541 744 690 792 suerit,
715 758 791 800 pro
811 743 980 785 Domini
1002 743 1173 784 nomine
1195 750 1377 783 mortem
1400 756 1486 782 non
1504 740 1641 796 fugia-

286 829 398 862 mus,
417 816 586 865 nullum?
605 814 859 854 aestimemus
882 812 1087 861 dolorem,
1109 812 1214 854 nihil
1230 821 1466 854 metuamus
1488 825 1530 852 τι(
1546 811 1642 853 Per-

285 885 424 924 »l‘ccta
457 883 569 924 enim
604 882 784 923 charitas
821 882 1019 924 timorem
1055 882 1225 939 expellit
1259 881 1415 923 soras’.
1444 880 1642 922 »Grande

281 952 448 995 numeri
483 952 752 1008 mysterium,
794 952 962 1007 quando
998 952 1120 993 Pater
1157 950 1310 992 Filium
1347 950 1523 992 unicum
1562 964 1638 1006 pro

283 1023 406 1065 nobis
425 1022 620 1064 omnibus
648 1022 835 1068 tradidit,
862 1036 959 1063 cum
983 1022 1108 1078 pleno
1128 1021 1299 1063 luminis
1328 1020 1392 1062 sui
1414 1021 1516 1062 orbe
1541 1021 1641 1062 luna

280 1093 472 1148 fulgeret.
502 1092 564 1132 Ita
586 1099 648 1131 est
671 1090 783 1131 enim
812 1089 1025 1138 Ecclesia,
1052 1105 1142 1145 quae
1170 1090 1237 1146 pie
1269 1090 1427 1132 Pascha
1456 1090 1642 1132 celebrat

282 1160 453 1203 Domini
471 1159 716 1201 nostriJesu
736 1159 909 1207 Christi,
930 1159 1037 1200 sicut
1053 1161 1152 1201 luna
1173 1160 1359 1216 perfecta
1378 1160 1418 1201 in
1437 1168 1641 1201 aeternum

282 1229 466 1271 manet2.
496 1229 695 1285 Quisquis
729 1229 835 1270 bene
866 1228 935 1270 hic
970 1229 1137 1271 Domini
1162 1229 1318 1271 Pascha
1348 1230 1637 1279 celebraverit,

282 1300 327 1341 in
341 1300 501 1342 lumine
518 1308 721 1356 perpetuo
740 1300 832 1340 crit.
854 1299 956 1349 Quis
976 1300 1235 1356 splendidius
1252 1300 1495 1349 celebravit,
1515 1315 1640 1357 quam

282 1371 354 1428 qui
379 1370 604 1427 sacrilegos
626 1370 807 1411 removit
829 1385 1015 1418 erroreS,
1040 1369 1189 1411 clausit
1212 1372 1365 1427 templa
1380 1402 1392 1419 ‚
1417 1371 1640 1414 simulacra

282 1439 516 1482 destruxit?
535 1440 581 1480 ln
604 1439 687 1480 hoc
710 1438 845 1480 Josias
868 1455 940 1480 rex
963 1440 1251 1495 superioribus
1274 1441 1480 1481 antelatus
1501 1439 1604 1482 est³.

341 1509 546 1551 XXXIX.
584 1509 724 1551 Manet
759 1524 857 1566 ergo
881 1509 922 1550 in
952 1510 1113 1551 lumine
1134 1509 1412 1557 Theodosius,
1443 1518 1485 1551 et
1507 1509 1642 1552 Sane·-

282 1588 425 1622 torum
455 1579 636 1620 coetibus
659 1578 875 1634 gloriatur.
905 1578 997 1621 Illic
1019 1594 1133 1620 nunc
1158 1580 1456 1636 complectitur
1479 1580 1640 1622 Gratia-

284 1664 386 1691 num
413 1648 498 1705 jam
524 1663 596 1690 sua
619 1650 790 1690 vulnera
818 1664 902 1689 non
929 1658 1197 1698 moerentem,
1227 1650 1323 1705 quia
1352 1649 1510 1691 invenit
1531 1651 1640 1692 ulto·

282 1733 373 1760 rem
388 1733 397 1758 :
414 1717 485 1774 qui
501 1718 601 1760 licet
620 1718 788 1774 indigna
801 1727 935 1760 morte
948 1728 1179 1776 praereptus
1197 1718 1265 1767 sit,
1285 1718 1473 1775 requiem
1491 1718 1638 1761 animae

284 1802 368 1830 suae
390 1787 588 1845 possidet.
613 1788 702 1829 lllic
725 1788 862 1829 bonus
881 1797 1058 1844 uterque
1086 1797 1128 1830 et
1147 1788 1313 1845 pietatis
1331 1788 1534 1845 interpres
1557 1788 1638 1830 lar-

284 1874 361 1916 gus
392 1858 692 1900 misericordiae
725 1874 808 1900 sum
836 1859 1048 1900 consortio
1082 1860 1359 1900 delectantur.
1393 1858 1455 1901 De
1484 1858 1636 1914 quibus

284 1929 396 1971 bene
416 1928 569 1970 dicitur
587 1944 595 1970 :
614 1946 628 1967 ι
646 1929 743 1970 Dies
767 1928 849 1970 diei
871 1928 1265 1972 eructat-verbumst.
1288 1928 1474 1970 »Contra
1497 1936 1636 1970 autem

285 1997 490 2040 Maximus
510 2006 551 2040 et
568 1997 781 2055 Eugenius
804 1998 845 2040 in
869 1998 1047 2046 inferno,
1073 1998 1217 2054 quasi«
1236 1997 1326 2040 Nox
1346 1998 1459 2039 nocti
1481 1996 1638 2039 indicat

286 2066 558 2115 »scientiam3
586 2086 602 2107 »
626 2068 825 2109 docentes
849 2069 1041 2124 exemplo
1067 2067 1293 2109 miserabili
1327 2082 1451 2123 quam
1483 2068 1636 2108 durum

288 2137 339 2179 sit
363 2152 476 2179 arma
503 2137 587 2179 suis
613 2138 875 2194 principibus
899 2138 1096 2195 irrogare.
1126 2139 1189 2179 Dc
1211 2138 1360 2194 quibus
1382 2137 1559 2194 pulchre
1578 2137 1636 2180 di-

287 2207 398 2250 citur
419 2223 427 2249 :
445 2226 460 2246 «
477 2207 570 2249 Vidi
606 2208 782 2265 impium
819 2210 1170 2264 superexaltatum
1203 2216 1244 2249 ct
1280 2209 1489 2249 clevatum
1529 2207 1637 2248 sicut

288 2296 304 2317 n
319 2279 466 2320 cedros
488 2278 661 2326 Libani3
687 2287 728 2320 et
751 2278 937 2327 transivi,
963 2287 1005 2320 et
1021 2293 1121 2320 ecce
1147 2293 1231 2320 non
1250 2277 1380 2319 erat⁵.
1401 2277 1636 2320 »Transivit

286 2348 401 2390 enim
423 2348 515 2405 pius
533 2349 584 2390 de
600 2348 776 2405 caligine
798 2349 985 2391 saeculari
1005 2350 1056 2391 ad
1074 2350 1217 2391 lumen
1240 2357 1460 2396 aeternum,
1485 2356 1528 2390 et
1550 2363 1634 2390 non

287 2426 378 2460 erat
398 2417 568 2475 impius,
593 2417 663 2474 qui
685 2433 775 2460 esse
799 2419 946 2462 desivit
966 2418 1146 2475 iniquus.

330 2528 340 2544 ¹
363 2531 375 2552 1
396 2520 493 2553 Joan.
507 2531 551 2558 iv,
570 2521 617 2552 18.
639 2539 678 2545 —
695 2529 708 2544 ¹
725 2521 806 2555 Psal.
820 2532 977 2560 Lxxxnu,
997 2521 1052 2557 58.
1068 2540 1105 2547 —
1125 2522 1137 2544 ³
1157 2522 1176 2561 4
1192 2522 1378 2564 ch.xx1u,
1408 2533 1435 2556 2.
1457 2538 1497 2546 -
1516 2522 1529 2550 4
1546 2520 1628 2555 Psal.

281 2584 375 2613 nm,
387 2574 417 2607 3.
433 2592 474 2598 —
493 2577 505 2598 ⁵
521 2574 570 2608 ld.
592 2586 706 2616 xxxv,
720 2575 773 2610 55.
