1774 3158
415 236 465 263 ns
500 235 590 263 rios
623 233 988 268 nsssrnnsscwoms,
1022 233 1102 262 Lm.
1142 233 1186 263 11.
1421 218 1475 277 75

128 313 243 360 modi
271 322 341 357 aut
368 313 560 356 audimus
585 321 655 355 aut
678 312 901 369 loquimur.
929 312 980 354 Et
1002 312 1096 355 ideo
1120 327 1217 356 cum
1237 310 1473 370 loquimur,

128 402 292 430 oremus
314 394 360 427 ut
385 401 451 427 eas
474 385 593 426 nobis
620 384 798 440 Spiritus
821 392 989 425 sauctus
1013 385 1327 442 interpretetur.

187 455 314 497 CVII.
352 448 629 511 Requirhmus
651 454 776 510 igilur
808 453 848 494 in
874 453 1105 510 Scripturis
1132 454 1345 495 veteribus
1379 453 1480 510 quid

130 527 180 569 de
202 527 400 568 tubarum
423 541 574 582 genere.
598 525 821 581 legerimus
837 556 849 573 ‚
869 524 1179 566 consentientes
1196 540 1264 565 eas
1289 525 1480 566 solemni-

129 606 232 639 tates
247 630 255 645 ‚
278 612 369 653 quae
391 597 546 638 Judaeis
568 596 676 652 Lege
694 595 946 652 praescriptae
968 603 1064 636 sunt
1084 628 1093 642 ‚
1111 595 1373 651 superiorum
1391 610 1480 637 esse

128 668 322 709 umbram
347 667 636 709 celebritatum
654 700 663 714 ,
695 666 1011 721 coelestiumque
1032 664 1249 707 festorum.
1273 665 1349 706 Hic
1367 665 1476 707 enim

128 737 300 785 umbra,
323 736 406 778 illic
430 736 595 777 veritas.
623 736 700 777 Per
721 736 914 777 umbram
946 735 997 777 ad
1020 735 1238 777 veritatem
1263 735 1481 792 pervenire

129 807 326 848 nitamur.
357 804 488 862 Cujus
511 804 641 862 figura
660 805 785 847 etiam
806 805 903 847 alibi
927 820 1117 863 expressa
1141 813 1202 846 est
1219 805 1300 847 hoc
1326 806 1476 854 modo3

129 876 259 918 habes
280 876 391 917 enim
414 876 509 932 quia
533 877 701 917 locutus
725 884 787 917 est
820 876 1026 917 Dominus
1057 876 1107 917 ad
1133 876 1304 932 Moysen
1331 889 1340 917 :
1371 893 1385 913 α
1405 874 1481 916 Lo-

128 963 144 985 »
159 961 289 1002 quere
307 945 401 986 filiis
423 946 550 987 Israe'l
566 979 575 994 ‚
597 945 738 988 dicens
758 961 767 986 ε
791 947 933 987 Mense
961 945 1139 1003 septimo
1160 978 1171 993 ‚
1196 960 1277 986 una
1301 945 1479 993 mensis,

130 1016 237 1058 »erit
253 1016 376 1072 'vobis
394 1015 558 1071 requies
581 1015 622 1056 in
650 1016 894 1057 memoriale
920 1017 1118 1057 tubarum
1133 1049 1143 1063 ‚
1167 1023 1315 1057 vocata
1338 1023 1479 1057 sancta

131 1086 238 1128 »erit
267 1074 395 1128 vobis.
439 1086 577 1128 Omne
605 1101 709 1142 opus
733 1085 882 1127 servile
910 1100 994 1126 non
1015 1083 1196 1134 facietis,
1218 1094 1261 1127 et
1279 1086 1480 1127 accende-

131 1158 211 1199 »tis
235 1157 530 1199 holocaustum
562 1157 744 1198 Domino
762 1156 792 1198 ⁵.
821 1174 836 1195 ι)
867 1157 913 1197 In
945 1156 1139 1198 Numeris
1173 1165 1316 1198 autem
1340 1172 1349 1198 t
1376 1156 1482 1198 «Lo-

130 1235 283 1269 »cutus
315 1235 378 1268 est
418 1226 622 1268 Dominus
654 1227 704 1268 ad
732 1226 904 1282 Moysen
924 1259 934 1274 ‚
967 1227 1109 1268 dicens
1141 1226 1254 1268 :Fac
1277 1227 1352 1268 tihi
1382 1228 1484 1268 duas

130 1298 282 1339 »tubas
306 1297 505 1345 ductiles,
528 1306 741 1353 argenteas
759 1296 886 1337 facies
907 1312 974 1338 eas
989 1329 998 1344 ,
1020 1305 1062 1338 et
1077 1306 1202 1338 erunt
1220 1297 1293 1338 tibi
1312 1298 1363 1338 ad
1383 1313 1482 1338 evo-

132 1367 337 1408 »eandam
352 1381 622 1423 synagogam,
643 1375 682 1407 et
701 1366 989 1422 promovenda
1008 1375 1141 1408 castra
1159 1375 1225 1408 :et
1242 1367 1343 1408 tuba
1361 1380 1486 1408 canes

131 1454 147 1474 r,
162 1435 203 1477 in
229 1436 308 1477 illis
331 1468 340 1483 ‚
364 1445 406 1478 et
428 1436 649 1493 colligetur
671 1435 806 1477 omnis
829 1436 951 1476 turba
971 1437 1022 1476 ad
1043 1435 1196 1477 ostium
1225 1435 1486 1477 tabernaculi

133 1526 147 1546 n
163 1507 406 1549 testimonii.
433 1506 474 1548 Si
495 1516 634 1548 autem
658 1507 700 1548 in
723 1521 805 1548 una
823 1507 924 1548 tuba
944 1506 1166 1555 cecineris,
1195 1507 1247 1549 ad
1268 1515 1309 1548 te
1319 1507 1488 1549 venient

133 1595 149 1616 n
164 1591 308 1618 omnes
331 1576 539 1633 principes
561 1585 602 1618 et
625 1579 753 1619 duces
777 1577 928 1625 Israel,
961 1585 1004 1618 et
1028 1577 1130 1618 tuba
1160 1577 1317 1619 canetis
1339 1576 1492 1634 signifi-

131 1647 371 1689 »cationem
398 1647 601 1704 primam,
641 1657 682 1690 et
717 1648 1030 1705 promovebunt
1069 1655 1228 1696 castra,
1264 1656 1308 1690 et
1341 1647 1493 1690 consti-

133 1726 336 1760 »tuentur
368 1718 420 1759 ad
458 1718 691 1761 Orientem.
733 1719 785 1759 Et
817 1719 918 1760 tuba
946 1718 1105 1760 canetis
1138 1717 1487 1776 significationem

133 1805 148 1826 ι)
164 1788 392 1829 secundam
412 1820 422 1834 ,
447 1795 488 1828 et
510 1788 821 1844 promovebunt
847 1796 1005 1836 castra,
1037 1795 1078 1829 et
1103 1788 1414 1831 constituentur
1437 1790 1490 1831 ad

134 1858 384 1901 »Libanum.
417 1858 469 1898 Et
503 1858 602 1899 tuba
635 1859 794 1900 canetis
828 1858 1178 1916 significationem
1217 1860 1385 1902 tertiam
1406 1893 1417 1909 ,
1450 1868 1491 1901 et

135 1929 476 1987 »promovebunt
497 1938 629 1971 castra
646 1962 655 1976 ,
683 1945 774 1985 quae
797 1930 1108 1971 constituentur
1136 1931 1187 1971 ad
1207 1931 1403 1973 Boream.
1439 1931 1491 1972 Et

136 2000 266 2041 »tuba
295 1999 453 2041 canetis
480 1997 829 2056 significationem
855 2007 1046 2056 quartam
1063 2033 1072 2048 ‚
1108 2010 1150 2041 et
1181 2000 1492 2056 promovebunt

135 2087 151 2108 n
166 2078 316 2117 castra,
337 2084 428 2126 quae
445 2069 757 2111 constituentur
775 2071 823 2111 ad
842 2070 1109 2125 Aquilonem.
1131 2069 1490 2126 Significationem

135 2158 151 2179 n
167 2140 267 2182 tuba
288 2148 439 2182 canent
457 2140 496 2180 in
512 2148 708 2196 promotu
728 2155 888 2182 eorum.
916 2141 1075 2181 Etcum
1095 2141 1402 2198 congregabitis
1422 2157 1492 2197 sy-

135 2225 395 2268 »nagogam‚
421 2211 522 2251 tuba
545 2210 709 2258 canite,
745 2219 786 2252 et
815 2225 898 2251 non
933 2209 1298 2266 significationem.
1342 2211 1393 2252 Et
1418 2210 1490 2251 filii

136 2299 152 2320 ι
168 2281 305 2322 Aaron
328 2282 567 2322 sacerdotes
595 2281 706 2322 tubis
729 2289 903 2327 canent,
941 2288 982 2321 et
1016 2280 1096 2321 erit
1118 2281 1234 2321 vobis
1256 2281 1488 2337 legitimum

135 2359 371 2392 »aeternum
395 2350 435 2391 in
456 2351 680 2407 progenies
708 2359 879 2392 vestras.
904 2350 947 2392 Si
970 2358 1110 2391 autem
1136 2351 1322 2392 exieritis
1346 2352 1388 2392 in
1407 2352 1497 2393 bel-

134 2423 251 2463 »lum
283 2421 324 2462 in
353 2428 508 2462 terram
545 2430 727 2463 vestram
768 2423 820 2464 ad
852 2421 1136 2470 adversarios,
1177 2423 1251 2478 qui
1291 2423 1492 2464 resistunt

134 2510 149 2531 »
163 2491 296 2538 vobis,
310 2490 597 2548 significabitis
610 2493 738 2542 tubis,
751 2501 791 2535 et
801 2491 1128 2535 reminiscemini
1144 2507 1284 2536 coram
1297 2492 1493 2539 Domino,

183 2578 192 2593 ¹
222 2571 330 2603 Levit.
349 2582 441 2607 uin,
462 2571 513 2610 24.
