1774 3158
541 239 822 267 EPISTOLARUM
855 240 1012 267 CLASSIS
1044 241 1070 267 1.
1417 243 1500 285 279

156 316 368 358 nuntiaret
389 331 398 358 ε
423 324 467 358 ut
489 316 592 358 mihi
617 316 806 358 videatur
841 317 929 373 ipse
961 318 1138 359 Sanctus
1172 319 1439 361 annuntiasse
1458 336 1501 362 se

155 386 276 428 nobis
296 419 308 438 ‚
333 401 382 428 eo
403 386 514 442 quod
537 387 621 442 jam
644 395 849 444 perpetuo
867 387 1021 429 laboris
1040 388 1102 428 sui
1125 389 1331 444 potiretur
1347 390 1500 447 stipen-

157 457 249 504 dio,
274 465 315 498 et
338 457 483 499 solutis
500 458 676 499 vinculis
699 458 885 513 corporis
902 490 911 504 ,
942 457 1051 498 inter
1075 458 1332 513 Angelorum
1357 460 1500 502 minis-

155 526 257 568 teria
282 527 446 568 Christo
466 527 695 568 adhaereret
711 559 721 575 ,
746 527 919 583 cupiens
939 527 1114 568 amantis
1139 527 1200 568 sni
1218 543 1406 570 errorem
1426 531 1501 571 ab·

154 597 331 644 solvcre3
351 612 403 638 ne
417 597 791 653 illilongaevitatem
812 597 904 638 vitae
924 597 1051 647 hujus
1070 597 1420 654 deprecaremur,
1435 601 1503 642 cui

154 666 245 707 vitae
262 675 426 708 aeternae
447 667 530 722 jam
552 668 719 723 praemia
738 667 1052 708 deserebantur.

211 736 406 777 HLAhiit
431 752 640 793 ergomon
659 737 778 784 obiit,
800 745 842 778 et
854 737 1070 793 emigravit
1098 753 1117 778 a
1141 738 1263 779 nobis
1278 748 1499 782 veteranus

152 805 306 847 Christi
328 806 448 854 Jesu,
472 808 578 848 coelo
605 815 722 847 terreo
749 807 865 847 istius
883 808 1018 847 solum
1033 816 1200 848 mutans
1215 841 1225 855 ‚
1244 810 1499 865 etplaudens

152 875 223 917 alis
241 884 363 931 atque
385 875 566 930 remigiis
589 876 844 932 spiritalibus
863 907 872 924 ,
893 875 996 918 dicit
1021 876 1186 918 :chce
1219 878 1410 934 elongavi
1429 879 1498 921 su-

150 944 369 1000 »giens¹.»
391 944 597 1001 Cupiebat
633 945 746 986 enim
782 945 1027 1002 Apostolico
1065 945 1215 1002 spiritu
1246 946 1499 1002 jamdudum

151 1023 282 1058 terras
302 1016 539 1072 relinquere
563 1031 571 1058 :
601 1017 673 1058 sed
694 1017 912 1058 tene-batur
928 1016 1034 1058 votis
1050 1017 1344 1060 universorum
1360 1052 1371 1068 ,
1391 1020 1502 1064 sicut

151 1085 202 1127 de
219 1086 420 1142 Apostolo
439 1086 661 1142 legimus2,
682 1087 776 1142 quia
795 1086 999 1127 remorari
1018 1102 1116 1128 eum
1135 1087 1290 1129 diutius
1312 1089 1353 1129 in
1373 1104 1499 1132 carne

150 1164 238 1197 erat
265 1157 460 1199 Ecclesiae
483 1159 779 1199 necessarium.
819 1157 994 1199 Yivehat
1015 1157 1127 1198 enim
1154 1173 1240 1199 non
1275 1159 1379 1208 sibi,
1426 1162 1500 1202 sed

150 1225 370 1267 omnibus:
389 1235 431 1268 et
458 1227 601 1283 populi
624 1236 712 1268 erat
748 1228 841 1268 vitae
861 1239 1027 1282 aeternae
1059 1227 1272 1275 minister;
1313 1237 1357 1270 ut
1381 1230 1497 1286 prius

148 1295 238 1351 ejus
259 1296 444 1338 fructum
461 1296 587 1338 ctiam
607 1296 647 1338 in
673 1297 784 1346 aliis,
811 1312 937 1353 (lixam
961 1298 1245 1354 cognitionem
1271 1299 1314 1340 in
1334 1314 1379 1340 se
1406 1300 1496 1342 adi-

148 1366 394 1424 pisceretur.

204 1438 271 1480 IV.
305 1439 376 1480 Est
399 1439 525 1495 igitur
542 1439 625 1495 jam
645 1439 909 1496 superiorum
936 1439 1090 1485 incola.
1110 1455 1325 1496 possessor
1347 1441 1495 1484 civita-

146 1509 196 1550 tis
212 1517 378 1550 aeternae
399 1509 508 1551 illius
531 1510 792 1552 Hierusalem
807 1542 817 1557 ,
839 1525 930 1566 quae
953 1510 994 1551 in
1013 1511 1119 1551 coelo
1148 1519 1222 1552 est.
1247 1510 1374 1553 Videt
1409 1512 1495 1554 illic

143 1579 258 1621 urbis
275 1579 364 1635 ejus
388 1595 628 1621 mensuram
649 1580 913 1628 immensam,
934 1596 1087 1637 purum
1112 1596 1281 1628 aurum,
1307 1582 1493 1638 lapidem

141 1649 396 1705 pretiosum,
419 1651 563 1691 lumen
585 1651 674 1691 sine
701 1651 788 1692 sole
811 1659 1064 1706 perpetuum
1109 1666 1118 1692 z
1154 1660 1196 1692 et
1222 1651 1313 1693 haec
1352 1652 1492 1693 omnia

140 1718 391 1774 jamdudum
414 1720 584 1777 quidem
608 1720 686 1761 sibi
717 1729 932 1779 comperta
948 1753 958 1767 ,
984 1720 1057 1762 sed
1086 1736 1202 1762 nunc
1223 1720 1329 1763 facie
1354 1723 1406 1764 ad
1427 1722 1491 1764 fa-

142 1790 248 1831 ciem
284 1790 545 1832 manifestata
574 1790 718 1832 videns
742 1791 843 1832 dicit
878 1807 918 1832 :a
937 1791 1058 1834 Sicut
1081 1792 1339 1841 audivimus,
1364 1793 1418 1835 ita
1449 1803 1492 1835 et

141 1878 156 1899 n
172 1860 357 1903 videmus
382 1862 423 1903 in
447 1862 613 1903 civitate
632 1862 800 1903 Domini
823 1863 1042 1910 virtutum,
1067 1863 1286 1904 incivitate
1302 1864 1380 1905 Dei
1398 1879 1490 1905 nos-

141 1949 156 1970 »
172 1931 223 1972 tri
240 1931 270 1973 ³.
292 1950 308 1971 »
338 1932 401 1973 Ibi
423 1947 522 1990 ergo
545 1933 703 1990 positus
741 1934 921 1989 appellat
953 1935 1157 1990 populum
1182 1933 1280 1982 Dei,
1313 1934 1455 1976 dicens
1477 1950 1488 1977 t

151 2019 166 2039 α
183 2000 220 2043 Ο
241 2001 391 2050 Israel,
415 2018 540 2058 quam
560 2018 709 2059 magna
732 2011 794 2044 est
816 2005 964 2044 domus
1000 2003 1098 2052 Dei,
1125 2011 1166 2045 et
1184 2018 1310 2059 quam
1338 2004 1484 2061 ingens

138 2072 288 2114 »loeus
310 2073 580 2129 possessionis
603 2073 710 2129 ejus!
736 2088 912 2130 magnus
927 2082 1064 2114 etnon
1087 2074 1246 2115 habens
1265 2073 1392 2116 finem
1407 2076 1436 2116 ⁶.
1459 2095 1474 2113 υ

195 2141 242 2184 V.
275 2141 491 2198 Sed—quid
529 2143 608 2184 hoc
631 2143 724 2183 est?
746 2144 857 2184 Dum
881 2143 1030 2184 merita
1065 2143 1140 2184 viri
1168 2144 1415 2192 considero,
1443 2151 1485 2186 et

137 2212 253 2267 quasi
289 2213 575 2254 discedentem
617 2214 765 2270 spiritu
787 2229 957 2270 sequor,
986 2223 1028 2256 et
1066 2222 1308 2256 sanctorum
1346 2215 1484 2257 choris

136 2284 444 2325 deducentibus
484 2284 789 2333 intermisceor,
817 2300 900 2326 non
923 2285 1075 2327 merito
1093 2287 1194 2334 ullo,
1221 2287 1293 2327 sed
1311 2285 1482 2334 affectu,

134 2369 242 2410 pene
263 2370 353 2396 sum
376 2355 530 2397 oblitus
552 2355 647 2397 mei.
672 2356 800 2397 Ita-ne
827 2371 926 2413 ergo
947 2365 1090 2412 raptus
1113 2365 1175 2398 est
1199 2356 1319 2398 nobis
1344 2372 1488 2398 murus

135 2423 258 2473 fidei,
301 2425 441 2482 gratim
456 2457 466 2474 ,
511 2434 552 2467 et
592 2426 852 2468 sanctitatis:
888 2441 1014 2482 quem
1043 2426 1168 2468 toties
1191 2427 1489 2483 ingruentibus

150 2556 161 2565 ,
180 2534 190 2550 ¹
210 2527 292 2560 Psal.
309 2539 372 2568 mv,
389 2528 421 2562 8.
436 2547 476 2555 --
495 2539 507 2562 ἓ
530 2529 650 2571 Philip.
669 2540 692 2571 1,
710 2529 762 2570 25,
779 2529 832 2567 24.
852 2547 892 2553 -
912 2530 924 2553 ³
943 2530 1026 2563 Psal.
1044 2541 1145 2570 xum,
1159 2540 1194 2571 9.
1215 2529 1494 2567 -1Baruc.m‚

137 2581 189 2620 24,
207 2583 255 2614 25.
781 2611 790 2626 ε
