1774 3158
623 287 961 320 Annon-nonas.
1384 275 1470 331 475

492 450 736 480 ANNOTATIO
771 435 862 495 (25)
898 451 989 494 pag.
1028 438 1097 479 83.

179 585 258 628 Per
278 594 436 627 naturae
455 584 583 627 finem
605 585 787 643 intellige
820 585 1043 642 compositi
1068 585 1268 627 naturalis
1294 585 1474 627 dissolu-

122 655 308 703 tionem,
339 669 429 696 non²
459 664 598 697 autem
637 656 857 697 ambarum
893 656 1052 712 quibus
1084 664 1269 703 constat,
1291 656 1475 712 partium

122 725 363 772 interitum;
390 725 730 781 quandoquidem
755 726 796 766 in
823 740 893 767 eos
913 724 1185 782 philosophos
1215 726 1424 782 disputat,
1453 741 1474 767 a

122 795 274 850 quibus
297 794 444 836 animae
467 795 756 837 immortalitas
780 795 1096 837 admittebatur:
1120 795 1200 836 hoc
1218 803 1302 842 est,
1330 795 1368 835 iu
1387 794 1474 836 Pla-

124 864 297 905 tonicos.
340 863 422 905 Sed
453 865 632 906 maxime
669 867 720 906 ad
748 865 999 907 Ciceronem
1040 864 1203 906 videtur
1241 864 1473 920 respicere,

123 935 194 990 qui
222 934 345 976 Tusa.
375 935 534 987 taccst.
562 951 598 982 1,
623 936 802 992 explosis
823 941 1044 992 poetarum
1069 936 1119 977 de
1140 934 1354 992 suppliciis
1375 934 1478 975 inse-

124 1015 264 1046 rorum
285 1006 534 1047 commentis
549 1039 560 1054 ,
585 1016 763 1048 mortem
790 1007 1020 1048 timendam
1038 1021 1128 1048 esse
1146 1005 1303 1047 nemini
1322 1006 1403 1047 hoc
1423 1005 1480 1046 di-

124 1075 322 1117 lemmate
356 1075 514 1132 colligit
548 1091 557 1118 :
601 1076 826 1129 Quomodo
868 1077 1024 1136 igitar,
1065 1086 1141 1118 aut
1182 1091 1260 1117 cur
1292 1085 1478 1116 mortem

124 1146 295 1186 malum
322 1144 403 1186 tihi
440 1146 587 1188 videri
617 1147 757 1195 diois,
793 1163 889 1202 quae
923 1154 1002 1189 αιιι
1041 1146 1182 1188 beatos
1219 1160 1296 1187 nos
1323 1145 1478 1203 efficiet

126 1214 292 1256 animis
313 1215 618 1264 manentibus,
645 1227 721 1258 αιιι
746 1233 836 1259 non
856 1217 1189 1259 miseros-sensu,
1209 1214 1436 1257 carentes?

501 1366 748 1395 ANNOTATIO
786 1351 876 1410 (26)
909 1366 1002 1410 pag.
1039 1352 1109 1394 85.

186 1488 265 1531 Per
283 1486 471 1546 Cygneas
490 1488 650 1530 fabulas
671 1488 830 1531 indicat
853 1488 989 1546 Cygni
1015 1497 1187 1546 propter
1207 1487 1481 1534 Phaethontis

128 1558 426 1615 consanguinei
451 1558 511 1599 sui
540 1573 683 1600 casum
715 1560 861 1600 dolore
892 1558 1072 1601 consecti
1101 1558 1417 1601 conversionem
1442 1559 1483 1600 in

130 1642 246 1668 avem
266 1628 327 1669 sui
345 1628 542 1676 nominis,
560 1630 610 1670 de
631 1644 711 1685 qua
731 1629 823 1671 vide
841 1629 996 1677 Ovidii,
1016 1630 1086 1671 lib.
1111 1645 1157 1678 11,
1177 1628 1482 1687 Melamorplt„

129 1697 212 1739 sab.
245 1699 295 1748 4,
333 1713 415 1739 non
449 1713 569 1740 secus
604 1713 650 1740 ac
686 1700 739 1741 de
772 1699 880 1741 Icari
916 1714 1043 1749 casu,
1067 1700 1140 1742 lib.
1170 1715 1269 1748 vm,
1294 1698 1483 1756 ejusdem

131 1768 304 1827 Operis,
327 1769 413 1811 sab.
436 1770 476 1811 5.

508 1922 749 1951 ANNo'rATlo
786 1908 877 1966 (27)
913 1923 1005 1966 pag.
1043 1910 1111 1951 88.

192 2049 272 2092 llic
304 2048 534 2106 Virgiliaua
557 2057 619 2090 est
637 2048 814 2090 imitatio
831 2063 855 2090 e
875 2048 947 2090 lib.
977 2047 1312 2096 VI‚AEneid.,ubi
1337 2046 1489 2089 sicha-

134 2120 231 2168 hes,
251 2133 359 2161 vers.
388 2121 470 2175 872
495 2128 537 2162 et
554 2119 669 2175 875:

196 2216 393 2275 Quantos
410 2222 483 2265 ille
495 2222 648 2265 virum
663 2238 879 2281 magnam
896 2220 1117 2267 Mavortis
1133 2222 1193 2264 ad
1210 2220 1363 2264 urbem

200 2293 394 2351 Campus
410 2295 497 2353 ogit
517 2295 702 2353 gemitus
714 2296 737 2334 Ρ

138 2397 199 2439 Ex
224 2397 272 2438 iis
297 2406 436 2439 autem
458 2413 551 2454 quae
569 2407 710 2440 narrat
733 2398 981 2441 Ambrosius
999 2432 1008 2446 ‚
1035 2398 1285 2454 intelligitur
1307 2397 1493 2440 Valenti-

139 2469 311 2510 nianum
335 2485 357 2511 e
382 2469 523 2511 Galliis
549 2472 735 2512 nondum
765 2471 1016 2519 excessisse,
1042 2485 1139 2511 curn
1172 2469 1380 2511 extinctus
1405 2476 1490 2516 θεῖς

142 2539 224 2580 imo
260 2539 301 2580 in
332 2539 418 2596 ipsa
450 2540 616 2582 civitate
657 2540 837 2593 Vienna,
869 2541 940 2582 uhi
974 2555 1070 2582 eum
1104 2548 1314 2581 moratum
1347 2538 1388 2579 in
1412 2538 1490 2579 hac

142 2608 343 2653 Oratione
366 2617 543 2654 testatur
561 2609 740 2654 Sanetus
763 2619 922 2662 noster,
942 2611 1052 2656 hanc
1073 2617 1254 2654 mortem
1273 2608 1495 2667 contigisse
