1774 3158
503 260 783 291 amsa-omnum
815 261 972 290 cussm
1005 263 1032 291 1.
1367 250 1449 307 387

109 337 276 382 dotibus
301 338 343 381 in
369 339 549 397 publicis
571 339 739 396 judiciis
766 340 1022 397 oportuisse,
1044 356 1148 398 quos
1178 353 1368 386 asserunt
1388 359 1454 386 se·

103 409 293 450 cundum
323 410 434 466 leges
463 409 698 466 oportuisse
726 409 897 466 puniri?
919 410 1077 452 Eadem
1103 426 1230 454 causa
1264 421 1352 461 est,
1377 414 1452 456 sed

105 494 304 522 numerus
322 482 481 529 minor,
503 480 583 522 hoc
602 489 688 529 est,
717 495 801 522 non
826 480 964 535 dispar
985 480 1130 537 judicii
1158 484 1332 539 qnaestio
1349 516 1359 531 ,
1377 485 1452 526 sed

104 564 236 606 poenae
260 550 397 607 dispar
424 550 589 592 invidia.
620 551 750 592 Unam
774 550 964 592 Christus
994 551 1136 607 puniri
1159 568 1209 594 ex
1233 552 1343 611 Lege
1366 569 1450 596 non

102 634 247 676 passus
262 629 343 667 est,
364 620 427 662 isti
447 620 651 661 minorem
671 635 895 660 numerum
920 630 1110 662 asserunt
1132 637 1220 664 esse
1239 624 1446 679 punitum.

161 689 230 731 IV.
268 689 320 732 At
342 705 424 746 qno
453 690 531 732 loci
552 690 631 731 hoc
653 690 815 746 judicat
834 690 1055 731 Christus?
1078 692 1180 733 Nam
1204 695 1454 749 plerumque

103 762 335 801 secundnm
361 761 583 816 qualitates
614 761 806 801 locorum
836 760 877 800 in
900 761 1051 816 quibus
1073 761 1252 803 docebat
1277 763 1453 805 famulos

101 844 222 876 suos,
250 829 554 886 disputationes
581 845 674 870 snas
698 829 878 871 formare
899 831 1092 885 dignatus
1119 840 1202 879 est;
1229 841 1273 874 ut
1296 834 1334 873 in
1357 849 1453 889 por-

101 900 188 941 ticu
224 899 483 947 Salomonis,
511 900 592 941 hoc
624 909 712 949 cst,
754 901 975 957 sapientis,
1007 903 1281 944 deambulans
1313 905 1455 958 loque-

100 969 224 1011 batur
249 985 258 1011 :
285 988 299 1008 α
324 970 410 1026 Ego
434 977 474 1011 et
497 969 618 1012 Pater
642 986 773 1011 unum
804 970 1001 1019 sumus¹;
1033 992 1046 1010 n
1071 981 1117 1014 ut
1140 973 1358 1030 intemplo
1379 975 1455 1016 Dei

100 1039 267 1081 dicebat
292 1056 301 1081 :
330 1058 344 1078 «
369 1041 456 1082 Mea
493 1039 683 1082 doctrina
711 1055 795 1081 non
832 1050 894 1082 est
925 1056 1041 1090 mea,
1069 1044 1142 1084 sed
1170 1044 1262 1099 cjns
1285 1045 1356 1101 qui
1388 1061 1454 1087 me

99 1109 284 1151 »misit².
309 1129 325 1148 ι»
357 1111 446 1152 lloc
468 1125 637 1166 quoqne
667 1109 877 1165 judicium
908 1111 950 1151 in
974 1112 1128 1168 templo
1154 1114 1314 1170 positus
1336 1130 1451 1156 exer-

99 1188 188 1227 cet,
212 1181 320 1222 sicut
344 1181 548 1236 scriptum
567 1189 629 1222 est
652 1181 691 1221 in
716 1182 1043 1236 posterioribns;
1070 1184 1129 1224 sic
1152 1184 1262 1224 enim
1288 1185 1416 1227 habes
1439 1201 1448 1227 :

109 1267 123 1288 α
143 1250 239 1291 Haec
256 1250 381 1291 verba
404 1251 572 1291 locutus
596 1258 659 1291 est
677 1249 801 1291 Jesus
826 1251 865 1291 in
895 1252 1182 1308 gazophilacio
1198 1286 1208 1301 ,
1230 1255 1387 1296 docens
1412 1256 1452 1298 in

97 1321 308 1376 »tennplo3
332 1329 372 1361 et
401 1335 524 1361 nemo
552 1320 831 1376 apprehendit
856 1311 990 1363 euu1³ss
1020 1323 1132 1374 Quid
1155 1333 1217 1365 est
1249 1326 1452 1381 gazophi-

96 1389 281 1431 lactum?
312 1390 487 1431 Collatio
521 1388 736 1435 fidelium,
766 1400 957 1446 sumptus
993 1407 1251 1448 pauperum,
1284 1396 1451 1451 requies

96 1474 322 1516 egenorum
340 1492 350 1507 ,
374 1460 489 1515 juxta
512 1461 623 1514 qnod
655 1460 804 1500 solens
830 1460 1020 1501 Clu-istus
1039 1493 1048 1507 ‚
1079 1471 1124 1502 nt
1148 1462 1275 1505 habes
1299 1479 1451 1507 secun-

98 1531 197 1571 dum
220 1529 376 1572 Lucam
394 1563 403 1573 ,
424 1531 506 1570 duo
528 1545 607 1570 :cra
633 1530 817 1571 mulieris
844 1531 976 1571 vidnre
1000 1532 1173 1573 divitum
1200 1537 1448 1579 muneribus

97 1600 258 1641 censuit
294 1599 594 1654 praescrencla‘*,
627 1599 768 1639 divino
802 1600 995 1641 videlicet
1032 1602 1270 1645 [estimonio
1300 1606 1448 1659 praei'e-

95 1684 190 1711 rens
207 1669 355 1725 opimae
376 1668 554 1724 praemiis
572 1668 772 1723 largitatis
792 1671 1214 1714 sedulaeliberalitatis
1229 1675 1439 1719 affectum.

154 1739 202 1781 V.
243 1739 324 1790 Qui
360 1740 440 1780 tale
473 1739 654 1780 habebat
689 1739 921 1791 judicium,
966 1743 1180 1785 videamus
1213 1745 1314 1800 qnid
1357 1747 1445 1803 ipse

93 1809 208 1866 juxta
237 1809 583 1866 gazophylacium
613 1809 770 1865 positus
791 1809 1058 1858 conserebat;
1079 1826 1160 1854 nen
1183 1816 1294 1856 enim
1313 1818 1446 1861 otiose

95 1882 262 1924 viduam
294 1880 475 1936 praetnlit
508 1880 590 1919 duo
624 1893 704 1919 aera
741 1878 990 1922 mittentem.
1018 1881 1201 1924 Pretiosa
1239 1885 1313 1928 ista
1343 1904 1440 1946 pau-

93 1962 231 2010 pertas
253 1960 314 1993 est
334 1950 432 1992 fidei
453 1950 650 2007 opulenta
676 1950 888 2006 mysterio.
917 1950 998 1992 Ista
1020 1962 1118 1995 sunt
1139 1954 1221 1997 duo
1245 1972 1326 1999 aera
1349 1976 1442 2016 quae

93 2023 378 2065 Samaritanus
413 2010 480 2062 isse
522 2021 788 2076 evangelicus
826 2023 878 2062 ad
906 2020 997 2077 ejus
1024 2027 1210 2068 curanda
1242 2029 1436 2081 vulnera,

93 2093 164 2149 qni
191 2092 336 2134 incidit
354 2092 395 2133 in
416 2089 644 2137 latrones⁵,
659 2089 886 2132 stabulario
910 2092 1145 2149 dereliquit.
1167 2096 1277 2155 Ergo
1299 2109 1342 2143 et
1363 2103 1436 2147 ista

92 2165 231 2222 specie
252 2164 401 2210 vidua,
431 2163 473 2204 in
496 2169 597 2217 typo
626 2160 848 2210 Ecclesiae,
874 2160 953 2204 hoc
983 2165 1285 2223 gazophylacio
1317 2187 1437 2217 sacro

92 2234 395 2277 conferendam
413 2231 598 2289 putavit,
616 2245 698 2287 quo
720 2245 953 2287 pauperum
975 2245 1223 2278 sanarentur
1245 2241 1434 2293 vulnera,

89 2304 407 2363 peregrinorum
427 2300 585 2357 jejunia
603 2301 863 2343 sedarentur.

147 2375 219 2418 VI.
256 2374 376 2416 Unde
401 2379 441 2413 et
471 2384 586 2412 nnnc
615 2370 716 2426 qnid
745 2370 935 2413 Christus
965 2373 1173 2424 conferat,
1198 2379 1440 2436 spiritaliter

89 2453 132 2488 te
156 2451 324 2502 oportet
346 2441 604 2499 expendere3
642 2440 855 2483 dividebat
884 2441 998 2484 enim
1026 2447 1192 2503 populis
1215 2461 1435 2508 argentum

135 2557 143 2570 ¹
165 2546 260 2579 Joan.
275 2545 374 2581 x.30.
390 2561 430 2568 -
449 2553 461 2568 ⁸
485 2542 611 2580 Idan,
632 2541 682 2575 16.
709 2558 750 2567 —
767 2542 782 2566 ³
806 2541 859 2575 ld.
883 2552 955 2583 vin,
981 2554 1032 2576 ιο.
1061 2563 1100 2570 -
1128 2549 1142 2574 4
1159 2548 1237 2582 Luc,
1257 2561 1324 2591 ,μ’
1342 2563 1371 2586 2,
1397 2574 1438 2581 ,-

90 2604 104 2626 ⁶
120 2601 201 2634 Luc.
217 2611 251 2640 x,
268 2600 321 2631 35.

1217 2662 1286 2704 25.
