<?xml version="1.0" encoding="UTF-8"?>
<!DOCTYPE html PUBLIC "-//W3C//DTD XHTML 1.0 Transitional//EN"
    "http://www.w3.org/TR/xhtml1/DTD/xhtml1-transitional.dtd">
<html xmlns="http://www.w3.org/1999/xhtml" xml:lang="en" lang="en">
 <head>
  <title>
</title>
<meta http-equiv="Content-Type" content="text/html;charset=utf-8" />
  <meta name='ocr-system' content='tesseract 3.04.00' />
  <meta name='ocr-capabilities' content='ocr_page ocr_carea ocr_par ocr_line ocrx_word'/>
</head>
<body>
  <div class='ocr_page' id='page_1' title='image "./omniaequaeextant08ambruoft_0128.png"; bbox 0 0 1774 3158; ppageno 0'>
   <div class='ocr_carea' id='block_1_1' title="bbox 302 186 1101 215">
    <p class='ocr_par' dir='ltr' id='par_1_1' title="bbox 302 186 1101 215">
     <span class='ocr_line' id='line_1_1' title="bbox 302 186 1101 215; baseline 0.006 -5"><span class='ocrx_word' id='word_1_1' title='bbox 302 186 378 212; x_wconf 79' lang='lat'><strong>120</strong></span> <span class='ocrx_word' id='word_1_2' title='bbox 839 189 866 213; x_wconf 87' lang='lat' dir='ltr'><strong>S.</strong></span> <span class='ocrx_word' id='word_1_3' title='bbox 913 189 1101 215; x_wconf 56' lang='lat' dir='ltr'><strong>§.MEROEN</strong></span> 
     </span>
    </p>
   </div>
   <div class='ocr_carea' id='block_1_2' title="bbox 294 261 1662 2435">
    <p class='ocr_par' dir='ltr' id='par_1_2' title="bbox 294 261 1641 372">
     <span class='ocr_line' id='line_1_2' title="bbox 297 261 1641 323; baseline 0.007 -23"><span class='ocrx_word' id='word_1_4' title='bbox 297 262 440 302; x_wconf 87' lang='lat' dir='ltr'><strong>virtus.</strong></span> <span class='ocrx_word' id='word_1_5' title='bbox 474 261 703 317; x_wconf 76' lang='lat' dir='ltr'><strong>Reciproca</strong></span> <span class='ocrx_word' id='word_1_6' title='bbox 731 262 844 310; x_wconf 72' lang='lat' dir='ltr'><strong>hae03</strong></span> <span class='ocrx_word' id='word_1_7' title='bbox 871 265 963 320; x_wconf 74' lang='lat' dir='ltr'><strong>quia</strong></span> <span class='ocrx_word' id='word_1_8' title='bbox 987 274 1028 306; x_wconf 83' lang='lat' dir='ltr'><strong>et</strong></span> <span class='ocrx_word' id='word_1_9' title='bbox 1050 264 1152 307; x_wconf 75' lang='lat' dir='ltr'><strong>fides</strong></span> <span class='ocrx_word' id='word_1_10' title='bbox 1178 266 1437 323; x_wconf 76' lang='lat' dir='ltr'><strong>imperatoris</strong></span> <span class='ocrx_word' id='word_1_11' title='bbox 1464 268 1641 310; x_wconf 83' lang='lat' dir='ltr'><strong>militum</strong></span> 
     </span>
     <span class='ocr_line' id='line_1_3' title="bbox 294 332 516 372; baseline 0 -1"><span class='ocrx_word' id='word_1_12' title='bbox 294 332 422 372; x_wconf 84' lang='lat' dir='ltr'><strong>virtus</strong></span> <span class='ocrx_word' id='word_1_13' title='bbox 442 339 516 372; x_wconf 84' lang='lat' dir='ltr'><strong>est.</strong></span> 
     </span>
    </p>

    <p class='ocr_par' dir='ltr' id='par_1_3' title="bbox 298 392 1656 1081">
     <span class='ocr_line' id='line_1_4' title="bbox 359 392 1643 459; baseline 0.008 -19"><span class='ocrx_word' id='word_1_14' title='bbox 359 398 449 441; x_wconf 71' lang='lat' dir='ltr'><strong>HI.</strong></span> <span class='ocrx_word' id='word_1_15' title='bbox 486 400 800 456; x_wconf 81' lang='lat' dir='ltr'><strong>Recognoscitis</strong></span> <span class='ocrx_word' id='word_1_16' title='bbox 830 392 1113 459; x_wconf 34' lang='lat' dir='ltr'><strong>nempe-quos</strong></span> <span class='ocrx_word' id='word_1_17' title='bbox 1147 406 1262 447; x_wconf 72' lang='lat' dir='ltr'><strong>vobis</strong></span> <span class='ocrx_word' id='word_1_18' title='bbox 1297 406 1516 448; x_wconf 61' lang='lat' dir='ltr'><strong>Theodosii</strong></span> <span class='ocrx_word' id='word_1_19' title='bbox 1542 407 1643 450; x_wconf 84' lang='lat' dir='ltr'><strong>fides</strong></span> 
     </span>
     <span class='ocr_line' id='line_1_5' title="bbox 303 468 1645 532; baseline 0.008 -24"><span class='ocrx_word' id='word_1_20' title='bbox 303 468 538 524; x_wconf 82' lang='lat' dir='ltr'><strong>triumphos</strong></span> <span class='ocrx_word' id='word_1_21' title='bbox 566 470 831 525; x_wconf 75' lang='lat' dir='ltr'>acquisiverit</span> <span class='ocrx_word' id='word_1_22' title='bbox 864 473 988 527; x_wconf 81' lang='lat'>(56).</span> <span class='ocrx_word' id='word_1_23' title='bbox 1015 472 1119 514; x_wconf 89' lang='lat' dir='ltr'><strong>Cum</strong></span> <span class='ocrx_word' id='word_1_24' title='bbox 1151 476 1338 516; x_wconf 81' lang='lat' dir='ltr'><strong>locorum</strong></span> <span class='ocrx_word' id='word_1_25' title='bbox 1379 477 1576 532; x_wconf 76' lang='lat' dir='ltr'><strong>augustiis</strong></span> <span class='ocrx_word' id='word_1_26' title='bbox 1605 486 1645 519; x_wconf 86' lang='lat' dir='ltr'><strong>et</strong></span> 
     </span>
     <span class='ocr_line' id='line_1_6' title="bbox 298 536 1644 600; baseline 0.007 -23"><span class='ocrx_word' id='word_1_27' title='bbox 298 536 607 594; x_wconf 76' lang='lat' dir='ltr'><strong>impedimentis</strong></span> <span class='ocrx_word' id='word_1_28' title='bbox 640 541 832 580; x_wconf 79' lang='lat' dir='ltr'><strong>calonum</strong></span> <span class='ocrx_word' id='word_1_29' title='bbox 869 556 1015 596; x_wconf 75' lang='lat' dir='ltr'><strong>agmen</strong></span> <span class='ocrx_word' id='word_1_30' title='bbox 1050 543 1256 584; x_wconf 83' lang='lat' dir='ltr'><strong>exercitus</strong></span> <span class='ocrx_word' id='word_1_31' title='bbox 1287 546 1411 600; x_wconf 71' lang='lat' dir='ltr'><strong>paulo</strong></span> <span class='ocrx_word' id='word_1_32' title='bbox 1443 546 1573 586; x_wconf 82' lang='lat' dir='ltr'><strong>serius</strong></span> <span class='ocrx_word' id='word_1_33' title='bbox 1605 547 1644 587; x_wconf 89' lang='lat' dir='ltr'><strong>in</strong></span> 
     </span>
     <span class='ocr_line' id='line_1_7' title="bbox 302 608 1633 667; baseline 0.008 -20"><span class='ocrx_word' id='word_1_34' title='bbox 302 608 433 648; x_wconf 72' lang='lat' dir='ltr'><strong>aciem</strong></span> <span class='ocrx_word' id='word_1_35' title='bbox 458 610 756 658; x_wconf 70' lang='lat' dir='ltr'><strong>descenderet,</strong></span> <span class='ocrx_word' id='word_1_36' title='bbox 781 620 822 651; x_wconf 91' lang='lat' dir='ltr'><strong>et</strong></span> <span class='ocrx_word' id='word_1_37' title='bbox 840 612 1071 667; x_wconf 74' lang='lat' dir='ltr'><strong>inequitare</strong></span> <span class='ocrx_word' id='word_1_38' title='bbox 1088 613 1217 656; x_wconf 90' lang='lat' dir='ltr'><strong>hostis</strong></span> <span class='ocrx_word' id='word_1_39' title='bbox 1240 630 1354 656; x_wconf 81' lang='lat' dir='ltr'><strong>mora</strong></span> <span class='ocrx_word' id='word_1_40' title='bbox 1375 616 1471 657; x_wconf 78' lang='lat' dir='ltr'><strong>belli</strong></span> <span class='ocrx_word' id='word_1_41' title='bbox 1494 616 1633 658; x_wconf 73' lang='lat' dir='ltr'><strong>videre</strong></span> 
     </span>
     <span class='ocr_line' id='line_1_8' title="bbox 302 679 1651 743; baseline 0.007 -24"><span class='ocrx_word' id='word_1_42' title='bbox 302 687 394 726; x_wconf 85' lang='lat' dir='ltr'><strong>tur,</strong></span> <span class='ocrx_word' id='word_1_43' title='bbox 419 679 598 720; x_wconf 70' lang='lat' dir='ltr'><strong>desilivit</strong></span> <span class='ocrx_word' id='word_1_44' title='bbox 624 695 730 736; x_wconf 87' lang='lat' dir='ltr'><strong>equo</strong></span> <span class='ocrx_word' id='word_1_45' title='bbox 754 681 972 739; x_wconf 87' lang='lat' dir='ltr'><strong>princeps,</strong></span> <span class='ocrx_word' id='word_1_46' title='bbox 991 693 1033 724; x_wconf 91' lang='lat' dir='ltr'><strong>et</strong></span> <span class='ocrx_word' id='word_1_47' title='bbox 1065 693 1159 726; x_wconf 83' lang='lat' dir='ltr'><strong>aute</strong></span> <span class='ocrx_word' id='word_1_48' title='bbox 1186 686 1315 727; x_wconf 82' lang='lat' dir='ltr'><strong>aciem</strong></span> <span class='ocrx_word' id='word_1_49' title='bbox 1342 688 1453 728; x_wconf 85' lang='lat' dir='ltr'><strong>solus</strong></span> <span class='ocrx_word' id='word_1_50' title='bbox 1478 702 1651 743; x_wconf 84' lang='lat' dir='ltr'><strong>progre-</strong></span> 
     </span>
     <span class='ocr_line' id='line_1_9' title="bbox 305 749 1650 799; baseline 0.007 -10"><span class='ocrx_word' id='word_1_51' title='bbox 305 749 448 797; x_wconf 84' lang='lat' dir='ltr'><strong>diens,</strong></span> <span class='ocrx_word' id='word_1_52' title='bbox 484 750 539 791; x_wconf 82' lang='lat' dir='ltr'><strong>ait</strong></span> <span class='ocrx_word' id='word_1_53' title='bbox 571 765 579 790; x_wconf 90' lang='lat'>:</span> <span class='ocrx_word' id='word_1_54' title='bbox 609 751 685 792; x_wconf 77' lang='lat' dir='ltr'><strong>Ubi</strong></span> <span class='ocrx_word' id='word_1_55' title='bbox 719 760 781 793; x_wconf 83' lang='lat' dir='ltr'><strong>est</strong></span> <span class='ocrx_word' id='word_1_56' title='bbox 816 752 1041 795; x_wconf 83' lang='lat' dir='ltr'><strong>Theodosii</strong></span> <span class='ocrx_word' id='word_1_57' title='bbox 1071 756 1221 797; x_wconf 77' lang='lat' dir='ltr'><strong>Deus?</strong></span> <span class='ocrx_word' id='word_1_58' title='bbox 1250 757 1340 797; x_wconf 79' lang='lat' dir='ltr'><strong>Jam</strong></span> <span class='ocrx_word' id='word_1_59' title='bbox 1374 758 1453 799; x_wconf 87' lang='lat' dir='ltr'><strong>hoc</strong></span> <span class='ocrx_word' id='word_1_60' title='bbox 1486 757 1650 799; x_wconf 86' lang='lat' dir='ltr'><strong>Christo</strong></span> 
     </span>
     <span class='ocr_line' id='line_1_10' title="bbox 302 821 1653 883; baseline 0.007 -23"><span class='ocrx_word' id='word_1_61' title='bbox 302 821 516 877; x_wconf 81' lang='lat' dir='ltr'><strong>proximus</strong></span> <span class='ocrx_word' id='word_1_62' title='bbox 537 823 803 878; x_wconf 78' lang='lat' dir='ltr'><strong>loquebatur.</strong></span> <span class='ocrx_word' id='word_1_63' title='bbox 834 824 937 875; x_wconf 86' lang='lat' dir='ltr'><strong>Quis</strong></span> <span class='ocrx_word' id='word_1_64' title='bbox 960 826 1071 867; x_wconf 91' lang='lat' dir='ltr'><strong>enim</strong></span> <span class='ocrx_word' id='word_1_65' title='bbox 1100 835 1240 883; x_wconf 85' lang='lat' dir='ltr'><strong>posset</strong></span> <span class='ocrx_word' id='word_1_66' title='bbox 1271 828 1352 869; x_wconf 88' lang='lat' dir='ltr'><strong>hoc</strong></span> <span class='ocrx_word' id='word_1_67' title='bbox 1376 828 1536 876; x_wconf 85' lang='lat' dir='ltr'><strong>dicere,</strong></span> <span class='ocrx_word' id='word_1_68' title='bbox 1575 829 1653 870; x_wconf 90' lang='lat' dir='ltr'><strong>nisi</strong></span> 
     </span>
     <span class='ocr_line' id='line_1_11' title="bbox 303 892 1655 952; baseline 0.007 -20"><span class='ocrx_word' id='word_1_69' title='bbox 303 892 373 948; x_wconf 77' lang='lat' dir='ltr'><strong>qui</strong></span> <span class='ocrx_word' id='word_1_70' title='bbox 399 892 565 934; x_wconf 86' lang='lat' dir='ltr'><strong>Christo</strong></span> <span class='ocrx_word' id='word_1_71' title='bbox 590 908 632 934; x_wconf 86' lang='lat' dir='ltr'><strong>se</strong></span> <span class='ocrx_word' id='word_1_72' title='bbox 658 893 869 936; x_wconf 78' lang='lat' dir='ltr'><strong>adhaerere</strong></span> <span class='ocrx_word' id='word_1_73' title='bbox 892 898 1196 952; x_wconf 75' lang='lat' dir='ltr'><strong>cognosceret?</strong></span> <span class='ocrx_word' id='word_1_74' title='bbox 1216 898 1312 949; x_wconf 86' lang='lat' dir='ltr'><strong>Quo</strong></span> <span class='ocrx_word' id='word_1_75' title='bbox 1333 899 1445 940; x_wconf 88' lang='lat' dir='ltr'><strong>dicto</strong></span> <span class='ocrx_word' id='word_1_76' title='bbox 1462 899 1655 940; x_wconf 75' lang='lat' dir='ltr'><strong>excitavit</strong></span> 
     </span>
     <span class='ocr_line' id='line_1_12' title="bbox 306 966 1656 1024; baseline 0.006 -21"><span class='ocrx_word' id='word_1_77' title='bbox 306 978 451 1005; x_wconf 85' lang='lat' dir='ltr'><strong>omues</strong></span> <span class='ocrx_word' id='word_1_78' title='bbox 481 972 521 1005; x_wconf 91' lang='lat' dir='ltr'><strong>et</strong></span> <span class='ocrx_word' id='word_1_79' title='bbox 554 966 743 1021; x_wconf 84' lang='lat' dir='ltr'><strong>exemplo</strong></span> <span class='ocrx_word' id='word_1_80' title='bbox 776 980 921 1007; x_wconf 89' lang='lat' dir='ltr'><strong>omnes</strong></span> <span class='ocrx_word' id='word_1_81' title='bbox 956 968 1142 1008; x_wconf 82' lang='lat' dir='ltr'><strong>armavit.</strong></span> <span class='ocrx_word' id='word_1_82' title='bbox 1178 968 1229 1009; x_wconf 86' lang='lat' dir='ltr'><strong>Et</strong></span> <span class='ocrx_word' id='word_1_83' title='bbox 1256 968 1340 1024; x_wconf 74' lang='lat' dir='ltr'><strong>jan]</strong></span> <span class='ocrx_word' id='word_1_84' title='bbox 1368 977 1482 1010; x_wconf 89' lang='lat' dir='ltr'><strong>certe</strong></span> <span class='ocrx_word' id='word_1_85' title='bbox 1518 970 1656 1011; x_wconf 87' lang='lat' dir='ltr'><strong>senior</strong></span> 
     </span>
     <span class='ocr_line' id='line_1_13' title="bbox 303 1036 849 1081; baseline 0.005 -6"><span class='ocrx_word' id='word_1_86' title='bbox 303 1044 444 1081; x_wconf 62' lang='lat' dir='ltr'><strong>(etate,</strong></span> <span class='ocrx_word' id='word_1_87' title='bbox 476 1037 547 1078; x_wconf 89' lang='lat' dir='ltr'><strong>sed</strong></span> <span class='ocrx_word' id='word_1_88' title='bbox 572 1037 730 1078; x_wconf 79' lang='lat' dir='ltr'><strong>validus</strong></span> <span class='ocrx_word' id='word_1_89' title='bbox 755 1036 849 1079; x_wconf 85' lang='lat' dir='ltr'><strong>fide.</strong></span> 
     </span>
    </p>

    <p class='ocr_par' dir='ltr' id='par_1_4' title="bbox 301 1108 1660 1863">
     <span class='ocr_line' id='line_1_14' title="bbox 365 1108 1656 1167; baseline 0.003 -18"><span class='ocrx_word' id='word_1_90' title='bbox 365 1108 473 1151; x_wconf 76' lang='lat' dir='ltr'><strong>vlu.</strong></span> <span class='ocrx_word' id='word_1_91' title='bbox 491 1110 715 1151; x_wconf 84' lang='lat' dir='ltr'><strong>Theodosii</strong></span> <span class='ocrx_word' id='word_1_92' title='bbox 729 1125 826 1167; x_wconf 81' lang='lat' dir='ltr'><strong>ergo</strong></span> <span class='ocrx_word' id='word_1_93' title='bbox 842 1110 944 1152; x_wconf 88' lang='lat' dir='ltr'><strong>fides</strong></span> <span class='ocrx_word' id='word_1_94' title='bbox 959 1111 1035 1152; x_wconf 86' lang='lat' dir='ltr'><strong>suit</strong></span> <span class='ocrx_word' id='word_1_95' title='bbox 1048 1120 1180 1153; x_wconf 84' lang='lat' dir='ltr'><strong>vestra</strong></span> <span class='ocrx_word' id='word_1_96' title='bbox 1195 1111 1390 1153; x_wconf 86' lang='lat' dir='ltr'><strong>victoria:</strong></span> <span class='ocrx_word' id='word_1_97' title='bbox 1405 1121 1538 1153; x_wconf 83' lang='lat' dir='ltr'><strong>vestra</strong></span> <span class='ocrx_word' id='word_1_98' title='bbox 1553 1110 1656 1153; x_wconf 89' lang='lat' dir='ltr'><strong>fides</strong></span> 
     </span>
     <span class='ocr_line' id='line_1_15' title="bbox 305 1179 1655 1240; baseline 0.003 -20"><span class='ocrx_word' id='word_1_99' title='bbox 305 1179 487 1222; x_wconf 86' lang='lat' dir='ltr'><strong>filiorum</strong></span> <span class='ocrx_word' id='word_1_100' title='bbox 511 1181 601 1237; x_wconf 87' lang='lat' dir='ltr'><strong>ejus</strong></span> <span class='ocrx_word' id='word_1_101' title='bbox 628 1181 829 1224; x_wconf 81' lang='lat' dir='ltr'><strong>fortitudo</strong></span> <span class='ocrx_word' id='word_1_102' title='bbox 853 1182 917 1224; x_wconf 87' lang='lat' dir='ltr'><strong>sit.</strong></span> <span class='ocrx_word' id='word_1_103' title='bbox 944 1182 1069 1224; x_wconf 87' lang='lat' dir='ltr'><strong>Fides</strong></span> <span class='ocrx_word' id='word_1_104' title='bbox 1099 1198 1197 1240; x_wconf 80' lang='lat' dir='ltr'><strong>ergo</strong></span> <span class='ocrx_word' id='word_1_105' title='bbox 1222 1192 1345 1240; x_wconf 78' lang='lat' dir='ltr'><strong>auget</strong></span> <span class='ocrx_word' id='word_1_106' title='bbox 1370 1191 1549 1224; x_wconf 82' lang='lat' dir='ltr'><strong>aetatem.</strong></span> <span class='ocrx_word' id='word_1_107' title='bbox 1571 1183 1655 1224; x_wconf 83' lang='lat' dir='ltr'><strong>De·</strong></span> 
     </span>
     <span class='ocr_line' id='line_1_16' title="bbox 306 1251 1654 1309; baseline 0.001 -18"><span class='ocrx_word' id='word_1_108' title='bbox 306 1251 432 1306; x_wconf 88' lang='lat' dir='ltr'><strong>nique</strong></span> <span class='ocrx_word' id='word_1_109' title='bbox 462 1266 541 1292; x_wconf 89' lang='lat' dir='ltr'><strong>uec</strong></span> <span class='ocrx_word' id='word_1_110' title='bbox 573 1251 814 1300; x_wconf 76' lang='lat' dir='ltr'><strong>Abraham,</strong></span> <span class='ocrx_word' id='word_1_111' title='bbox 851 1261 897 1294; x_wconf 89' lang='lat' dir='ltr'><strong>ut</strong></span> <span class='ocrx_word' id='word_1_112' title='bbox 925 1252 965 1293; x_wconf 92' lang='lat' dir='ltr'><strong>in</strong></span> <span class='ocrx_word' id='word_1_113' title='bbox 996 1261 1216 1294; x_wconf 81' lang='lat' dir='ltr'><strong>senectute</strong></span> <span class='ocrx_word' id='word_1_114' title='bbox 1249 1261 1466 1309; x_wconf 77' lang='lat' dir='ltr'><strong>generaret</strong></span> <span class='ocrx_word' id='word_1_115' title='bbox 1497 1251 1654 1300; x_wconf 83' lang='lat' dir='ltr'><strong>filium,</strong></span> 
     </span>
     <span class='ocr_line' id='line_1_17' title="bbox 303 1322 1656 1380; baseline 0.001 -17"><span class='ocrx_word' id='word_1_116' title='bbox 303 1322 585 1364; x_wconf 83' lang='lat' dir='ltr'><strong>consideravit</strong></span> <span class='ocrx_word' id='word_1_117' title='bbox 611 1331 776 1363; x_wconf 75' lang='lat' dir='ltr'><strong>aetatem</strong></span> <span class='ocrx_word' id='word_1_118' title='bbox 803 1337 810 1363; x_wconf 95' lang='lat'><strong>:</strong></span> <span class='ocrx_word' id='word_1_119' title='bbox 836 1338 913 1364; x_wconf 86' lang='lat' dir='ltr'><strong>nec</strong></span> <span class='ocrx_word' id='word_1_120' title='bbox 940 1323 1039 1364; x_wconf 81' lang='lat' dir='ltr'><strong>Sara</strong></span> <span class='ocrx_word' id='word_1_121' title='bbox 1060 1358 1068 1370; x_wconf 92' lang='lat'><em>‚</em></span> <span class='ocrx_word' id='word_1_122' title='bbox 1105 1332 1150 1365; x_wconf 90' lang='lat' dir='ltr'><strong>ut</strong></span> <span class='ocrx_word' id='word_1_123' title='bbox 1175 1331 1353 1380; x_wconf 84' lang='lat' dir='ltr'><strong>pareret.</strong></span> <span class='ocrx_word' id='word_1_124' title='bbox 1391 1323 1478 1365; x_wconf 82' lang='lat' dir='ltr'><strong>Nec</strong></span> <span class='ocrx_word' id='word_1_125' title='bbox 1502 1322 1656 1364; x_wconf 88' lang='lat' dir='ltr'><strong>mirum</strong></span> 
     </span>
     <span class='ocr_line' id='line_1_18' title="bbox 303 1391 1657 1451; baseline 0.001 -19"><span class='ocrx_word' id='word_1_126' title='bbox 303 1393 335 1432; x_wconf 88' lang='lat' dir='ltr'><strong>si</strong></span> <span class='ocrx_word' id='word_1_127' title='bbox 355 1401 475 1448; x_wconf 80' lang='lat' dir='ltr'><strong>auget</strong></span> <span class='ocrx_word' id='word_1_128' title='bbox 493 1397 656 1434; x_wconf 76' lang='lat' dir='ltr'><strong>aelatem</strong></span> <span class='ocrx_word' id='word_1_129' title='bbox 676 1391 778 1433; x_wconf 88' lang='lat' dir='ltr'><strong>fides</strong></span> <span class='ocrx_word' id='word_1_130' title='bbox 792 1426 802 1441; x_wconf 93' lang='lat'><strong>,</strong></span> <span class='ocrx_word' id='word_1_131' title='bbox 823 1408 919 1434; x_wconf 84' lang='lat' dir='ltr'><strong>cum</strong></span> <span class='ocrx_word' id='word_1_132' title='bbox 945 1402 1214 1451; x_wconf 86' lang='lat' dir='ltr'><strong>repraesentet</strong></span> <span class='ocrx_word' id='word_1_133' title='bbox 1237 1394 1389 1435; x_wconf 79' lang='lat' dir='ltr'><strong>sutura.</strong></span> <span class='ocrx_word' id='word_1_134' title='bbox 1416 1392 1527 1444; x_wconf 85' lang='lat' dir='ltr'><strong>Quid</strong></span> <span class='ocrx_word' id='word_1_135' title='bbox 1546 1392 1657 1434; x_wconf 87' lang='lat' dir='ltr'><strong>enim</strong></span> 
     </span>
     <span class='ocr_line' id='line_1_19' title="bbox 304 1462 1659 1520; baseline -0.001 -16"><span class='ocrx_word' id='word_1_136' title='bbox 304 1471 367 1505; x_wconf 78' lang='lat' dir='ltr'><strong>est</strong></span> <span class='ocrx_word' id='word_1_137' title='bbox 385 1462 512 1511; x_wconf 80' lang='lat' dir='ltr'><strong>fides3</strong></span> <span class='ocrx_word' id='word_1_138' title='bbox 538 1463 614 1504; x_wconf 89' lang='lat' dir='ltr'><strong>uisi</strong></span> <span class='ocrx_word' id='word_1_139' title='bbox 640 1478 779 1504; x_wconf 85' lang='lat' dir='ltr'><strong>rerum</strong></span> <span class='ocrx_word' id='word_1_140' title='bbox 803 1478 1077 1519; x_wconf 77' lang='lat' dir='ltr'><strong>earum,quae</strong></span> <span class='ocrx_word' id='word_1_141' title='bbox 1101 1471 1345 1520; x_wconf 80' lang='lat' dir='ltr'><strong>sperantur,</strong></span> <span class='ocrx_word' id='word_1_142' title='bbox 1365 1462 1659 1505; x_wconf 74' lang='lat' dir='ltr'><strong>substantia¹P</strong></span> 
     </span>
     <span class='ocr_line' id='line_1_20' title="bbox 308 1518 1658 1589; baseline -0.001 -16"><span class='ocrx_word' id='word_1_143' title='bbox 308 1518 475 1574; x_wconf 26' lang='lat' dir='ltr'><strong>Sicr&#39;nos</strong></span> <span class='ocrx_word' id='word_1_144' title='bbox 498 1533 725 1589; x_wconf 84' lang='lat' dir='ltr'><strong>Scripturae</strong></span> <span class='ocrx_word' id='word_1_145' title='bbox 752 1534 918 1575; x_wconf 88' lang='lat' dir='ltr'><strong>docent.</strong></span> <span class='ocrx_word' id='word_1_146' title='bbox 943 1534 1051 1589; x_wconf 82' lang='lat' dir='ltr'><strong>Ergo</strong></span> <span class='ocrx_word' id='word_1_147' title='bbox 1074 1534 1105 1574; x_wconf 90' lang='lat' dir='ltr'><strong>si</strong></span> <span class='ocrx_word' id='word_1_148' title='bbox 1130 1532 1358 1575; x_wconf 83' lang='lat' dir='ltr'><strong>substantia</strong></span> <span class='ocrx_word' id='word_1_149' title='bbox 1376 1547 1520 1573; x_wconf 79' lang='lat' dir='ltr'><strong>eorum</strong></span> <span class='ocrx_word' id='word_1_150' title='bbox 1538 1564 1547 1580; x_wconf 91' lang='lat'><strong>,</strong></span> <span class='ocrx_word' id='word_1_151' title='bbox 1568 1547 1658 1588; x_wconf 80' lang='lat' dir='ltr'><strong>quae</strong></span> 
     </span>
     <span class='ocr_line' id='line_1_21' title="bbox 308 1601 1660 1660; baseline 0 -18"><span class='ocrx_word' id='word_1_152' title='bbox 308 1610 552 1658; x_wconf 81' lang='lat' dir='ltr'><strong>sperantur,</strong></span> <span class='ocrx_word' id='word_1_153' title='bbox 574 1603 677 1645; x_wconf 84' lang='lat' dir='ltr'><strong>fides</strong></span> <span class='ocrx_word' id='word_1_154' title='bbox 693 1612 780 1652; x_wconf 83' lang='lat' dir='ltr'><strong>est3</strong></span> <span class='ocrx_word' id='word_1_155' title='bbox 802 1611 958 1659; x_wconf 84' lang='lat' dir='ltr'><strong>quanto</strong></span> <span class='ocrx_word' id='word_1_156' title='bbox 981 1604 1111 1660; x_wconf 78' lang='lat' dir='ltr'><strong>magis</strong></span> <span class='ocrx_word' id='word_1_157' title='bbox 1129 1618 1298 1651; x_wconf 83' lang='lat' dir='ltr'><strong>eorum,</strong></span> <span class='ocrx_word' id='word_1_158' title='bbox 1324 1618 1415 1659; x_wconf 91' lang='lat' dir='ltr'><strong>quae</strong></span> <span class='ocrx_word' id='word_1_159' title='bbox 1437 1601 1660 1644; x_wconf 71' lang='lat' dir='ltr'><strong>videntur?</strong></span> 
     </span>
     <span class='ocr_line' id='line_1_22' title="bbox 307 1671 1660 1731; baseline -0.001 -15"><span class='ocrx_word' id='word_1_160' title='bbox 307 1674 423 1716; x_wconf 82' lang='lat' dir='ltr'><strong>Bona</strong></span> <span class='ocrx_word' id='word_1_161' title='bbox 448 1672 573 1722; x_wconf 80' lang='lat' dir='ltr'><strong>fides,</strong></span> <span class='ocrx_word' id='word_1_162' title='bbox 613 1675 663 1715; x_wconf 87' lang='lat' dir='ltr'><strong>de</strong></span> <span class='ocrx_word' id='word_1_163' title='bbox 688 1690 766 1730; x_wconf 82' lang='lat' dir='ltr'><strong>qua</strong></span> <span class='ocrx_word' id='word_1_164' title='bbox 791 1675 994 1731; x_wconf 86' lang='lat' dir='ltr'><strong>scriptum</strong></span> <span class='ocrx_word' id='word_1_165' title='bbox 1022 1682 1082 1716; x_wconf 88' lang='lat' dir='ltr'><strong>est</strong></span> <span class='ocrx_word' id='word_1_166' title='bbox 1108 1689 1148 1715; x_wconf 70' lang='grc' dir='ltr'><strong>τα</strong></span> <span class='ocrx_word' id='word_1_167' title='bbox 1171 1673 1315 1715; x_wconf 87' lang='lat' dir='ltr'><strong>Justus</strong></span> <span class='ocrx_word' id='word_1_168' title='bbox 1340 1682 1478 1715; x_wconf 85' lang='lat' dir='ltr'><strong>autem</strong></span> <span class='ocrx_word' id='word_1_169' title='bbox 1506 1688 1556 1714; x_wconf 85' lang='lat' dir='ltr'><strong>ex</strong></span> <span class='ocrx_word' id='word_1_170' title='bbox 1577 1671 1660 1714; x_wconf 86' lang='lat' dir='ltr'><strong>fide</strong></span> 
     </span>
     <span class='ocr_line' id='line_1_23' title="bbox 305 1743 1660 1803; baseline -0.001 -17"><span class='ocrx_word' id='word_1_171' title='bbox 305 1743 476 1786; x_wconf 74' lang='lat' dir='ltr'><strong>»vivit².</strong></span> <span class='ocrx_word' id='word_1_172' title='bbox 502 1745 660 1796; x_wconf 87' lang='lat' dir='ltr'><strong>»Quod</strong></span> <span class='ocrx_word' id='word_1_173' title='bbox 694 1745 726 1786; x_wconf 88' lang='lat' dir='ltr'><strong>si</strong></span> <span class='ocrx_word' id='word_1_174' title='bbox 760 1745 1034 1787; x_wconf 79' lang='lat' dir='ltr'><strong>substraxerit</strong></span> <span class='ocrx_word' id='word_1_175' title='bbox 1071 1761 1142 1793; x_wconf 89' lang='lat' dir='ltr'><strong>se,</strong></span> <span class='ocrx_word' id='word_1_176' title='bbox 1175 1760 1259 1786; x_wconf 86' lang='lat' dir='ltr'><strong>nou</strong></span> <span class='ocrx_word' id='word_1_177' title='bbox 1294 1745 1476 1803; x_wconf 79' lang='lat' dir='ltr'><strong>placebit</strong></span> <span class='ocrx_word' id='word_1_178' title='bbox 1513 1743 1660 1785; x_wconf 82' lang='lat' dir='ltr'><strong>animae</strong></span> 
     </span>
     <span class='ocr_line' id='line_1_24' title="bbox 301 1830 962 1863; baseline 0.011 -7"><span class='ocrx_word' id='word_1_179' title='bbox 301 1830 418 1856; x_wconf 64' lang='lat' dir='ltr'><strong>mete.</strong></span> <span class='ocrx_word' id='word_1_180' title='bbox 958 1860 962 1863; x_wconf 84' lang='lat'><strong>.</strong></span> 
     </span>
    </p>

    <p class='ocr_par' dir='ltr' id='par_1_5' title="bbox 302 1883 1662 2435">
     <span class='ocr_line' id='line_1_25' title="bbox 365 1883 1660 1940; baseline -0.002 -14"><span class='ocrx_word' id='word_1_181' title='bbox 365 1886 440 1927; x_wconf 76' lang='lat' dir='ltr'><strong>IX.</strong></span> <span class='ocrx_word' id='word_1_182' title='bbox 479 1885 561 1928; x_wconf 83' lang='lat' dir='ltr'><strong>Nos</strong></span> <span class='ocrx_word' id='word_1_183' title='bbox 591 1895 731 1928; x_wconf 84' lang='lat' dir='ltr'><strong>autem</strong></span> <span class='ocrx_word' id='word_1_184' title='bbox 759 1901 844 1928; x_wconf 87' lang='lat' dir='ltr'><strong>nou</strong></span> <span class='ocrx_word' id='word_1_185' title='bbox 871 1885 1172 1927; x_wconf 80' lang='lat' dir='ltr'><strong>subtrahamus</strong></span> <span class='ocrx_word' id='word_1_186' title='bbox 1205 1899 1280 1927; x_wconf 93' lang='lat' dir='ltr'><strong>nos</strong></span> <span class='ocrx_word' id='word_1_187' title='bbox 1309 1885 1360 1925; x_wconf 80' lang='lat' dir='ltr'><strong>ad</strong></span> <span class='ocrx_word' id='word_1_188' title='bbox 1395 1883 1660 1940; x_wconf 80' lang='lat' dir='ltr'><strong>dispendium</strong></span> 
     </span>
     <span class='ocr_line' id='line_1_26' title="bbox 307 1952 1661 2008; baseline -0.004 -11"><span class='ocrx_word' id='word_1_189' title='bbox 307 1957 454 1997; x_wconf 76' lang='lat' dir='ltr'><strong>anima:</strong></span> <span class='ocrx_word' id='word_1_190' title='bbox 472 1990 480 2002; x_wconf 88' lang='lat'><strong>‚</strong></span> <span class='ocrx_word' id='word_1_191' title='bbox 517 1958 590 1997; x_wconf 84' lang='lat' dir='ltr'><strong>sed</strong></span> <span class='ocrx_word' id='word_1_192' title='bbox 615 1955 890 1997; x_wconf 67' lang='lat' dir='ltr'><strong>inhaereamus</strong></span> <span class='ocrx_word' id='word_1_193' title='bbox 918 1954 1015 1996; x_wconf 81' lang='lat' dir='ltr'><strong>fidei</strong></span> <span class='ocrx_word' id='word_1_194' title='bbox 1046 1956 1095 1996; x_wconf 85' lang='lat' dir='ltr'><strong>ad</strong></span> <span class='ocrx_word' id='word_1_195' title='bbox 1132 1955 1280 1996; x_wconf 81' lang='lat' dir='ltr'><strong>animae</strong></span> <span class='ocrx_word' id='word_1_196' title='bbox 1312 1961 1463 1995; x_wconf 81' lang='lat' dir='ltr'><strong>nostrae</strong></span> <span class='ocrx_word' id='word_1_197' title='bbox 1487 1952 1661 2008; x_wconf 86' lang='lat' dir='ltr'><strong>acquisi-</strong></span> 
     </span>
     <span class='ocr_line' id='line_1_27' title="bbox 306 2022 1660 2082; baseline -0.004 -15"><span class='ocrx_word' id='word_1_198' title='bbox 306 2027 488 2073; x_wconf 79' lang='lat' dir='ltr'><strong>tionem;</strong></span> <span class='ocrx_word' id='word_1_199' title='bbox 516 2027 712 2082; x_wconf 82' lang='lat' dir='ltr'><strong>quoniam</strong></span> <span class='ocrx_word' id='word_1_200' title='bbox 737 2027 779 2068; x_wconf 91' lang='lat' dir='ltr'><strong>in</strong></span> <span class='ocrx_word' id='word_1_201' title='bbox 803 2025 881 2067; x_wconf 78' lang='lat' dir='ltr'><strong>hac</strong></span> <span class='ocrx_word' id='word_1_202' title='bbox 909 2024 1007 2066; x_wconf 85' lang='lat' dir='ltr'><strong>fidei</strong></span> <span class='ocrx_word' id='word_1_203' title='bbox 1032 2024 1178 2066; x_wconf 83' lang='lat' dir='ltr'><strong>militia</strong></span> <span class='ocrx_word' id='word_1_204' title='bbox 1204 2022 1489 2065; x_wconf 83' lang='lat' dir='ltr'><strong>testimonium</strong></span> <span class='ocrx_word' id='word_1_205' title='bbox 1512 2037 1660 2063; x_wconf 87' lang='lat' dir='ltr'><strong>conse-</strong></span> 
     </span>
     <span class='ocr_line' id='line_1_28' title="bbox 309 2092 1662 2141; baseline -0.003 -3"><span class='ocrx_word' id='word_1_206' title='bbox 309 2096 395 2138; x_wconf 86' lang='lat' dir='ltr'><strong>cuti</strong></span> <span class='ocrx_word' id='word_1_207' title='bbox 429 2105 525 2137; x_wconf 90' lang='lat' dir='ltr'><strong>sunt</strong></span> <span class='ocrx_word' id='word_1_208' title='bbox 557 2096 740 2137; x_wconf 87' lang='lat' dir='ltr'><strong>seniores</strong></span> <span class='ocrx_word' id='word_1_209' title='bbox 774 2094 903 2136; x_wconf 81' lang='lat' dir='ltr'><strong>nostri</strong></span> <span class='ocrx_word' id='word_1_210' title='bbox 934 2094 1174 2141; x_wconf 85' lang='lat' dir='ltr'><strong>Abraham,</strong></span> <span class='ocrx_word' id='word_1_211' title='bbox 1208 2094 1324 2135; x_wconf 82' lang='lat' dir='ltr'><strong>Isaac</strong></span> <span class='ocrx_word' id='word_1_212' title='bbox 1356 2101 1398 2134; x_wconf 89' lang='lat' dir='ltr'><strong>et</strong></span> <span class='ocrx_word' id='word_1_213' title='bbox 1429 2092 1576 2134; x_wconf 83' lang='lat' dir='ltr'><strong>Jacob.</strong></span> <span class='ocrx_word' id='word_1_214' title='bbox 1610 2092 1662 2134; x_wconf 86' lang='lat' dir='ltr'><strong>Et</strong></span> 
     </span>
     <span class='ocr_line' id='line_1_29' title="bbox 306 2164 1657 2222; baseline -0.003 -13"><span class='ocrx_word' id='word_1_215' title='bbox 306 2168 400 2209; x_wconf 87' lang='lat' dir='ltr'><strong>ideo</strong></span> <span class='ocrx_word' id='word_1_216' title='bbox 414 2166 700 2209; x_wconf 79' lang='lat' dir='ltr'><strong>haereditatem</strong></span> <span class='ocrx_word' id='word_1_217' title='bbox 718 2166 838 2208; x_wconf 86' lang='lat' dir='ltr'><strong>nobis</strong></span> <span class='ocrx_word' id='word_1_218' title='bbox 857 2165 953 2208; x_wconf 84' lang='lat' dir='ltr'><strong>fidei</strong></span> <span class='ocrx_word' id='word_1_219' title='bbox 968 2166 1242 2222; x_wconf 88' lang='lat' dir='ltr'><strong>reliquerunt.</strong></span> <span class='ocrx_word' id='word_1_220' title='bbox 1262 2164 1417 2207; x_wconf 88' lang='lat' dir='ltr'><strong>Fidelis</strong></span> <span class='ocrx_word' id='word_1_221' title='bbox 1428 2164 1657 2213; x_wconf 79' lang='lat' dir='ltr'><strong>Abraham,</strong></span> 
     </span>
     <span class='ocr_line' id='line_1_30' title="bbox 304 2232 1662 2294; baseline -0.003 -16"><span class='ocrx_word' id='word_1_222' title='bbox 304 2237 374 2294; x_wconf 81' lang='lat' dir='ltr'><strong>qui</strong></span> <span class='ocrx_word' id='word_1_223' title='bbox 409 2252 493 2278; x_wconf 90' lang='lat' dir='ltr'><strong>non</strong></span> <span class='ocrx_word' id='word_1_224' title='bbox 526 2251 575 2278; x_wconf 86' lang='lat' dir='ltr'><strong>ex</strong></span> <span class='ocrx_word' id='word_1_225' title='bbox 608 2235 827 2292; x_wconf 88' lang='lat' dir='ltr'><strong>operibus,</strong></span> <span class='ocrx_word' id='word_1_226' title='bbox 852 2236 926 2277; x_wconf 81' lang='lat' dir='ltr'><strong>sed</strong></span> <span class='ocrx_word' id='word_1_227' title='bbox 958 2251 1008 2277; x_wconf 84' lang='lat' dir='ltr'><strong>ex</strong></span> <span class='ocrx_word' id='word_1_228' title='bbox 1028 2234 1112 2276; x_wconf 81' lang='lat' dir='ltr'><strong>fido</strong></span> <span class='ocrx_word' id='word_1_229' title='bbox 1140 2234 1392 2291; x_wconf 78' lang='lat' dir='ltr'><strong>justificatus</strong></span> <span class='ocrx_word' id='word_1_230' title='bbox 1415 2232 1530 2282; x_wconf 76' lang='lat' dir='ltr'><strong>est³;</strong></span> <span class='ocrx_word' id='word_1_231' title='bbox 1555 2248 1662 2289; x_wconf 84' lang='lat' dir='ltr'><strong>quo-</strong></span> 
     </span>
     <span class='ocr_line' id='line_1_31' title="bbox 302 2302 1662 2362; baseline -0.004 -14"><span class='ocrx_word' id='word_1_232' title='bbox 302 2308 413 2348; x_wconf 80' lang='lat' dir='ltr'><strong>niam</strong></span> <span class='ocrx_word' id='word_1_233' title='bbox 436 2308 525 2349; x_wconf 86' lang='lat' dir='ltr'><strong>Deo</strong></span> <span class='ocrx_word' id='word_1_234' title='bbox 545 2306 724 2348; x_wconf 88' lang='lat' dir='ltr'><strong>credidit</strong></span> <span class='ocrx_word' id='word_1_235' title='bbox 747 2321 755 2347; x_wconf 92' lang='lat'><strong>:</strong></span> <span class='ocrx_word' id='word_1_236' title='bbox 777 2306 914 2354; x_wconf 78' lang='lat' dir='ltr'><strong>Isaac,</strong></span> <span class='ocrx_word' id='word_1_237' title='bbox 936 2305 1005 2361; x_wconf 92' lang='lat' dir='ltr'><strong>qui</strong></span> <span class='ocrx_word' id='word_1_238' title='bbox 1022 2304 1239 2362; x_wconf 86' lang='lat' dir='ltr'><strong>perfidem</strong></span> <span class='ocrx_word' id='word_1_239' title='bbox 1260 2319 1339 2346; x_wconf 91' lang='lat' dir='ltr'><strong>nec</strong></span> <span class='ocrx_word' id='word_1_240' title='bbox 1364 2303 1547 2360; x_wconf 80' lang='lat' dir='ltr'><strong>gladium</strong></span> <span class='ocrx_word' id='word_1_241' title='bbox 1569 2302 1662 2344; x_wconf 89' lang='lat' dir='ltr'><strong>seri-</strong></span> 
     </span>
     <span class='ocr_line' id='line_1_32' title="bbox 304 2372 1661 2435; baseline -0.004 -16"><span class='ocrx_word' id='word_1_242' title='bbox 304 2378 384 2419; x_wconf 84' lang='lat' dir='ltr'><strong>turi</strong></span> <span class='ocrx_word' id='word_1_243' title='bbox 414 2378 595 2435; x_wconf 82' lang='lat' dir='ltr'><strong>parentis</strong></span> <span class='ocrx_word' id='word_1_244' title='bbox 621 2377 807 2434; x_wconf 71' lang='lat' dir='ltr'><strong>expavit‘⁸</strong></span> <span class='ocrx_word' id='word_1_245' title='bbox 836 2392 845 2418; x_wconf 77' lang='grc' dir='ltr'><strong><em>ε</em></strong></span> <span class='ocrx_word' id='word_1_246' title='bbox 869 2376 1027 2424; x_wconf 81' lang='lat' dir='ltr'><strong>Jacob,</strong></span> <span class='ocrx_word' id='word_1_247' title='bbox 1058 2376 1130 2432; x_wconf 88' lang='lat' dir='ltr'><strong>qui</strong></span> <span class='ocrx_word' id='word_1_248' title='bbox 1152 2384 1337 2433; x_wconf 84' lang='lat' dir='ltr'><strong>pateruae</strong></span> <span class='ocrx_word' id='word_1_249' title='bbox 1361 2373 1458 2416; x_wconf 85' lang='lat' dir='ltr'><strong>fidei</strong></span> <span class='ocrx_word' id='word_1_250' title='bbox 1481 2372 1661 2430; x_wconf 81' lang='lat' dir='ltr'><strong>vestigiis</strong></span> 
     </span>
    </p>
   </div>
   <div class='ocr_carea' id='block_1_3' title="bbox 309 2464 1659 2565">
    <p class='ocr_par' dir='ltr' id='par_1_6' title="bbox 309 2464 1659 2565">
     <span class='ocr_line' id='line_1_33' title="bbox 363 2464 1659 2507; baseline -0.004 -8"><span class='ocrx_word' id='word_1_251' title='bbox 363 2479 368 2489; x_wconf 76' lang='lat'><strong>¹</strong></span> <span class='ocrx_word' id='word_1_252' title='bbox 406 2469 507 2501; x_wconf 60' lang='lat' dir='ltr'><strong>noim</strong></span> <span class='ocrx_word' id='word_1_253' title='bbox 544 2480 596 2504; x_wconf 67' lang='lat' dir='ltr'><strong>xi,</strong></span> <span class='ocrx_word' id='word_1_254' title='bbox 636 2480 665 2500; x_wconf 83' lang='lat'><strong>1.</strong></span> <span class='ocrx_word' id='word_1_255' title='bbox 705 2488 739 2492; x_wconf 84' lang='lat'><em>-</em></span> <span class='ocrx_word' id='word_1_256' title='bbox 775 2479 786 2492; x_wconf 66' lang='grc' dir='ltr'><strong>ν</strong></span> <span class='ocrx_word' id='word_1_257' title='bbox 834 2468 883 2499; x_wconf 73' lang='lat' dir='ltr'><strong>ld.</strong></span> <span class='ocrx_word' id='word_1_258' title='bbox 917 2479 961 2507; x_wconf 77' lang='lat' dir='ltr'><strong>x,</strong></span> <span class='ocrx_word' id='word_1_259' title='bbox 999 2468 1051 2499; x_wconf 79' lang='lat'><strong>30.</strong></span> <span class='ocrx_word' id='word_1_260' title='bbox 1093 2485 1130 2492; x_wconf 90' lang='lat'><strong>—-</strong></span> <span class='ocrx_word' id='word_1_261' title='bbox 1160 2468 1174 2491; x_wconf 80' lang='lat'>³</span> <span class='ocrx_word' id='word_1_262' title='bbox 1203 2469 1285 2499; x_wconf 77' lang='lat' dir='ltr'><strong>Gen,</strong></span> <span class='ocrx_word' id='word_1_263' title='bbox 1321 2477 1380 2501; x_wconf 87' lang='lat' dir='ltr'><strong>xv,</strong></span> <span class='ocrx_word' id='word_1_264' title='bbox 1410 2467 1441 2499; x_wconf 88' lang='grc'><strong>6.</strong></span> <span class='ocrx_word' id='word_1_265' title='bbox 1493 2484 1529 2489; x_wconf 93' lang='grc'>-</span> <span class='ocrx_word' id='word_1_266' title='bbox 1562 2467 1574 2490; x_wconf 81' lang='lat'><em>⁴</em></span> <span class='ocrx_word' id='word_1_267' title='bbox 1611 2464 1659 2495; x_wconf 65' lang='lat' dir='ltr'><strong>M,</strong></span> 
     </span>
     <span class='ocr_line' id='line_1_34' title="bbox 309 2536 455 2565; baseline -0.007 -9"><span class='ocrx_word' id='word_1_268' title='bbox 309 2536 397 2561; x_wconf 74' lang='lat' dir='ltr'><strong>nu,</strong></span> <span class='ocrx_word' id='word_1_269' title='bbox 427 2539 455 2565; x_wconf 72' lang='lat'><strong>9·</strong></span> 
     </span>
    </p>
   </div>
   <div class='ocr_carea' id='block_1_4' title="bbox 1740 0 1774 752">
    <p class='ocr_par' dir='ltr' id='par_1_7' title="bbox 1740 0 1774 752">
     <span class='ocr_line' id='line_1_35' title="bbox 1740 0 1774 752; baseline 0 2406"><span class='ocrx_word' id='word_1_270' title='bbox 1740 0 1774 752; x_wconf 95' lang='lat' dir='ltr'><strong> </strong></span> 
     </span>
    </p>
   </div>
  </div>
 </body>
</html>
