1774 3158
465 325 747 357 EPISTOLARUM
781 325 939 354 eLass1s
973 327 999 355 1.
1336 313 1416 356 323

70 404 326 448 fortitudinis
351 404 467 454 viro,
488 412 536 446 ut
560 417 791 445 aerumnam
835 403 1068 453 incideret3
1098 405 1262 448 saucius
1297 407 1424 449 animi

71 484 283 517 secretum
304 475 435 533 aperit
460 489 469 515 :
504 474 764 531 praetendere
793 473 834 516 in
862 489 904 515 se
932 474 1130 517 virtutem
1150 475 1247 524 Dei,
1271 485 1313 518 et
1335 492 1425 518 esse

71 545 253 587 Domino
270 543 577 586 sanctificatum
593 577 604 592 ,
624 544 857 585 secundum
871 543 961 599 ejus
978 554 1235 601 praeceptum
1258 560 1422 588 comam

72 628 266 671 pascere,
294 629 385 670 quae
421 614 453 655 si
481 614 794 663 attonderetur,
819 614 1028 655 desineret
1057 614 1275 656 Nazaraeus
1305 630 1421 663 esse,

74 693 115 726 et
135 685 313 742 propriae
331 684 494 726 virtutis
511 698 633 725 usum
658 682 881 724 amitteret.
900 683 1105 724 Palaestini
1118 698 1192 739 per
1205 684 1424 726 mulierem

75 764 291 812 comperta
319 753 562 796 infirmitate
585 753 681 801 viri,
698 752 868 795 sceleris
891 753 1133 795 mercedem
1152 753 1356 803 afferunt;
1382 763 1428 796 ut

74 824 210 882 pretio
234 825 432 871 abnoxia,
455 825 598 866 dolum
625 831 820 879 patraret.

133 893 276 936 XXX.
314 892 368 934 At
397 893 463 934 illa
502 891 751 934 meretriciis
780 891 1064 934 delinimentis
1097 892 1251 934 sessum
1278 894 1430 935 amoris

76 963 117 1004 in
141 977 336 1019 soporem
357 961 589 1018 compulit,
614 969 655 1002 et
676 968 847 1002 tonsore
865 961 1054 1003 adhibito
1071 995 1081 1010 ,
1107 971 1267 1018 septem
1294 963 1430 1005 crines

77 1032 223 1088 capitis
245 1031 335 1088 ejus
367 1033 534 1074 admota
574 1031 777 1072 novacula
812 1030 1013 1077 abscidit,
1046 1031 1334 1088 continuoque
1366 1033 1431 1074 in—

78 1102 243 1144 terdicti
266 1101 611 1158 praevaricatione
633 1101 740 1142 vires
768 1101 955 1142 minutae.
983 1101 1175 1157 Denique
1208 1117 1258 1143 ex
1283 1118 1432 1145 somno

78 1174 314 1230 expergitus
344 1187 352 1213 ε
381 1190 396 1210 «
424 1171 593 1213 Faciam
611 1203 621 1219 ,
654 1170 816 1226 inquit,
851 1171 960 1212 sicut
985 1173 1126 1219 soleo,
1150 1180 1192 1213 et
1223 1173 1434 1214 excutiam

79 1258 176 1284 »me
199 1258 324 1300 super
351 1240 664 1288 adversarios¹;
688 1242 790 1282 »sed
810 1255 887 1282 nec
911 1240 1036 1281 animi
1059 1242 1122 1282 sui
1145 1242 1403 1284 alacritatem
1420 1276 1430 1291 ‚

80 1329 159 1355 nee
183 1315 383 1355 virtutem
408 1312 575 1369 agnovit
600 1327 608 1352 :
634 1326 712 1353 nec
737 1311 854 1366 vigor
885 1312 999 1359 erat,
1026 1326 1104 1352 nec
1129 1313 1258 1368 gratia
1289 1329 1435 1355 mane-

80 1385 165 1427 bat.
184 1385 331 1440 Itaque
351 1391 549 1440 reputans
571 1396 714 1424 secum
734 1383 847 1437 quod
870 1381 1103 1438 improvide
1123 1398 1164 1423 se
1188 1384 1434 1427 mulieribus

81 1454 353 1500 credidisset,
377 1461 420 1494 et
439 1451 544 1494 calvi
565 1460 680 1492 ratus
710 1458 872 1492 tentare
891 1451 1064 1493 ulterius
1088 1452 1243 1508 aliquid
1262 1454 1437 1496 damna-

82 1532 172 1564 tum
201 1522 454 1564 infirmitatis
474 1520 654 1563 caecitati
671 1521 819 1562 oculos
834 1553 844 1569 ,
865 1520 1042 1562 vinculis
1060 1537 1206 1563 manus
1229 1525 1432 1578 praebuit3

83 1601 124 1634 et
154 1592 428 1650 compedibus
459 1590 636 1632 innexus
663 1604 877 1632 carcerem
910 1590 1079 1632 intravit
1101 1592 1242 1634 multis
1269 1594 1347 1635 sibi
1370 1594 1436 1635 in-

84 1663 299 1720 cognitum
327 1661 659 1719 tempestatibus.

134 1731 307 1788 XXXI.
342 1732 393 1773 Et
422 1731 505 1786 jam
540 1744 740 1787 processu
780 1728 981 1785 temporis
1013 1743 1204 1772 crescere
1235 1731 1271 1773 ei
1314 1747 1434 1776 coma

87 1802 295 1860 coeperat²
321 1817 330 1844 τ
356 1802 497 1858 itaque
524 1815 622 1842 cum
645 1808 751 1841 esset
771 1798 938 1841 celebre
965 1801 1228 1850 convivium,
1253 1803 1437 1846 Palaesti-

88 1887 241 1913 norum
265 1869 490 1913 conventui
518 1868 768 1926 producitur
789 1869 841 1910 de
865 1883 1035 1910 carcere
1063 1869 1237 1912 Samson
1255 1904 1265 1919 ,
1286 1887 1332 1914 ac
1357 1882 1439 1915 sta-

84 1942 218 1983 tuitur
235 1941 276 1982 in
299 1939 443 1997 populi
465 1947 710 1995 conspectu,
739 1939 868 1980 Erant
895 1938 971 1980 tria
995 1940 1121 1981 millia
1144 1941 1277 1984 ferme
1298 1942 1438 1986 homi-

85 2025 186 2052 num
202 2009 327 2052 virilis
341 2024 387 2050 ac
400 2008 617 2050 muliebris
631 2023 768 2056 sexus3
785 2017 826 2049 et
843 2009 1038 2064 gravibus
1062 2025 1157 2051 eum
1180 2011 1438 2056 insultabant

87 2079 284 2121 conviciis
300 2113 309 2128 ,
335 2078 679 2134 circumagebant
708 2078 924 2126 ludibriis,
957 2081 1070 2134 quod
1101 2081 1243 2122 durius
1265 2091 1306 2124 et
1329 2085 1437 2126 ultra

88 2150 218 2207 ipsam
248 2148 497 2206 captivitatis
531 2148 717 2204 speciem
749 2148 838 2190 viro
869 2148 1063 2204 ingenitae
1081 2151 1244 2193 virtutis
1268 2154 1438 2196 conscio

88 2219 359 2261 tolerabatur.
382 2218 487 2260 Nam
509 2217 648 2259 vivere
664 2225 706 2258 et
730 2217 835 2258 mori
859 2226 1017 2259 naturae
1035 2218 1196 2262 functio
1215 2252 1226 2271 ,
1255 2222 1438 2265 ludibrio

89 2303 178 2330 esse
190 2288 344 2346 probro
357 2287 537 2329 ducitur.
551 2286 732 2343 Cupiens
746 2286 872 2343 igitur
885 2295 1045 2329 tantam
1057 2291 1356 2334 contumeliam
1374 2280 1441 2336 ὦ

90 2359 249 2401 ultione
262 2357 400 2405 solari,
418 2357 484 2397 vel
499 2365 634 2398 morte
651 2356 693 2397 in
711 2357 920 2412 reliquum
942 2366 1193 2413 praevertere
1208 2393 1218 2408 ,
1246 2361 1440 2405 simulato

91 2430 204 2485 quod
232 2435 403 2485 propter
430 2425 719 2468 infirmitatem
746 2426 934 2483 corporis
960 2434 1002 2468 et
1028 2429 1162 2471 nodos
1188 2434 1443 2488 compedum

93 2506 324 2555 sustentare
364 2511 452 2552 sese
481 2496 700 2553 nequiret3
728 2497 921 2553 poposcit
950 2512 971 2539 a
999 2513 1153 2555 puero,
1184 2500 1254 2556 qui
1291 2501 1442 2558 dirige-

91 2567 164 2609 bat
185 2567 268 2609 vias
291 2565 404 2623 ejus,
425 2574 470 2608 ut
491 2567 734 2609 admoveret
760 2581 858 2608 eum
887 2567 940 2610 ad
960 2569 1176 2612 columnas
1201 2571 1410 2627 proximas
1430 2605 1443 2623 ,

139 2666 149 2680 ¹
169 2657 276 2690 Judic.
291 2667 358 2698 xvi,
375 2667 425 2697 πο,
443 2662 478 2690 et
494 2666 635 2700 seqq.—
648 2666 660 2681 2
685 2655 773 2689 Ibid.
794 2667 846 2695 22,
862 2662 894 2691 et
911 2667 1001 2700 seqq.

1225 2729 1293 2758 21.
