1774 3158
279 227 365 271 308
834 238 866 267 s.
905 237 1099 267 AMBRosu

275 318 423 365 mundi
438 318 600 362 virebat
624 317 667 360 in
688 317 864 367 sanctis,
889 319 962 361 sed
984 325 1194 376 postrema
1208 324 1330 360 aetate
1346 332 1389 360 se
1407 317 1628 361 diffuditin

275 391 476 449 populos3
501 398 547 431 ut
567 389 835 431 adverterent
856 403 1003 430 omnes
1023 403 1107 429 non
1127 386 1303 429 rudibus
1327 386 1473 429 animis
1500 388 1630 444 irrep-

276 461 375 503 sisse
398 459 524 502 fidem
538 459 839 515 Christi(nulla
868 460 981 501 enim
1003 459 1091 501 sine
1114 458 1350 500 adversario
1377 472 1535 500 corona
1555 458 1629 500 vic-

275 531 414 587 toriae)
452 531 525 571 sed
556 531 723 586 explosa
747 530 964 587 opinione,
1003 544 1095 586 quae
1121 537 1216 571 ante
1254 521 1628 586 convaluit,'quod

276 611 366 645 erat
388 616 532 643 verum
549 634 558 648 ‚
581 600 627 642 fit
648 601 741 657 jure
763 602 996 658 praelatum.

335 670 521 715 XXXII.
533 670 575 712 Si
595 671 700 712 ritus
722 679 882 712 veteres
908 669 1190 716 delectabant,
1204 684 1279 710 cur
1297 668 1337 710 in
1361 669 1514 712 ahenos
1527 680 1630 712 ritus

275 745 421 785 eadem
431 742 562 785 Roma
575 741 796 800 successit.
780 740 968 783 Omitto
979 739 1267 780 absconditam
1284 740 1416 796 pretio
1432 740 1626 788 humum,

274 822 315 854 et
340 813 567 869 pastorales
596 826 709 852 casas
735 826 835 852 auro
860 809 1054 867 degeneri
1079 809 1323 851 renitentes.
1363 810 1477 860 Quid
1510 818 1555 851 ut
1578 809 1629 851 de

272 884 361 940 ipso
403 883 679 938 respondeam
718 881 833 936 quod
863 888 1124 936 queruntur,
1161 888 1379 936 captarum
1404 879 1627 920 simulacra

270 953 469 1000 urbium,
502 952 717 1006 victosque
761 952 883 997 deos,
909 958 951 990 et
985 950 1228 1005 peregrinos
1271 950 1376 990 ritus
1411 965 1627 991 sacrorum

271 1023 413 1064 alienae
433 1019 738 1077 superstitionis
756 1020 896 1060 aemuli
916 1018 1192 1075 receperunt?
1210 1019 1326 1060 Unde
1346 1019 1472 1075 igitur
1490 1035 1630 1060 exem-

272 1094 405 1149 plum,
427 1092 539 1146 quod
555 1105 703 1131 currus
726 1105 821 1130 suos
844 1090 1039 1131 sitnulato
1054 1089 1244 1130 Almonis
1261 1087 1293 1140 (ι
1312 1089 1434 1142 12J1in
1452 1089 1628 1131 ssumine

270 1165 379 1205 lavat
401 1160 721 1218 CybelePUnde
734 1160 903 1216 Phrygii
924 1168 1038 1201 vates
1055 1192 1064 1207 ‚
1080 1167 1121 1200 et
1145 1174 1311 1216 semper
1329 1160 1457 1201 invisa
1480 1161 1630 1202 Roma-

272 1234 336 1276 nis
361 1248 443 1274 non
465 1246 592 1287 aequae
618 1230 1088 1287 Carthaginisnumina.
1080 1230 1097 1259 ἶ)
1116 1231 1254 1281 Quam
1281 1230 1503 1271 Coelestem
1523 1231 1626 1279 Asri,

266 1305 461 1347 Mithram
481 1303 631 1348 pamm,
647 1302 838 1357 plerique
860 1301 1067 1343 Venerem
1095 1302 1256 1347 colunt,
1290 1316 1364 1367 pio
1387 1301 1629 1343 diversitate

273 1375 480 1422 nominis,
515 1388 599 1414 non
631 1387 706 1429 pro
745 1372 928 1414 numinis
968 1372 1182 1414 varietate.
1215 1372 1284 1413 Sic
1315 1364 1438 1413 dcam
1478 1387 1567 1414 esse
1589 1381 1631 1414 et

272 1445 501 1489 Victoriam
532 1444 830 1491 credideiunt‚
856 1458 947 1499 quae
969 1452 1114 1499 utique
1132 1458 1287 1484 munus
1309 1452 1398 1492 est,
1437 1459 1521 1484 non
1552 1459 1632 1501 po—

272 1525 400 1559 testas
425 1531 433 1557 :
459 1517 664 1562 donatur,
691 1529 773 1555 non
800 1513 1069 1561 dominatur,
1106 1514 1320 1569 legionum
1355 1515 1483 1571 gratia
1502 1547 1511 1561 ‚
1542 1529 1629 1556 non

273 1587 523 1643 religionum
556 1584 755 1640 potentia.
806 1584 952 1640 Magna
986 1584 1112 1640 igitur
1146 1585 1247 1631 dea,
1290 1573 1629 1639 quaihffliii'ilitum

271 1657 500 1700 multitudo
519 1654 596 1695 sibi
618 1653 820 1699 vindicat,
846 1655 909 1694 vel
932 1653 1175 1710 praeliorum
1202 1654 1329 1694 donat
1353 1653 1562 1694 eventus?

327 1725 532 1770 XXXIII.
547 1724 682 1780 Hujus
697 1738 811 1765 aram
833 1724 940 1765 strui
959 1724 999 1764 in
1018 1724 1132 1764 urbis
1147 1724 1291 1766 Roma}
1313 1724 1430 1765 cui-ia
1454 1732 1628 1780 petunt,

273 1799 353 1841 hoc
380 1805 464 1844 est,
504 1810 586 1851 quo
623 1795 764 1851 plnres
800 1794 1060 1836 conveniunt
1086 1793 1326 1837 Christiani.
1355 1795 1564 1836 Omnibus
1591 1794 1631 1834 in

272 1867 439 1925 templis
459 1880 538 1907 arae
561 1898 572 1914 ,
599 1880 667 1906 ara
692 1864 818 1906 etiam
844 1865 883 1906 in
922 1866 1079 1921 templo
1104 1866 1391 1908 victoriarum.
1421 1865 1631 1917 Quoniam

275 1951 455 1981 numero
478 1936 745 1978 delectantur
761 1967 771 1982 ,
801 1933 1009 1976 sacrificia
1034 1950 1106 1976 sua
1133 1936 1289 1992 ubique
1313 1936 1627 1978 concelebrant.

278 2008 392 2060 Quid
411 2014 474 2048 est
495 2005 573 2047 nisi
598 2005 799 2046 insultare
822 2003 945 2052 fidei,
971 2005 1095 2045 nnius
1120 2020 1200 2046 arae
1222 2004 1477 2047 sacrificium
1505 2005 1632 2046 vindi-

277 2077 403 2121 care?
424 2076 737 2119 Ferendum-ne
762 2074 895 2123 istud,
922 2083 967 2115 ut
983 2075 1148 2131 gentilis
1167 2074 1400 2123 sacrificet,
1423 2083 1464 2116 et
1487 2075 1633 2117 Chris-

275 2149 413 2192 tianus
439 2145 601 2187 intersit
619 2145 635 2186 P
654 2145 860 2186 Hauriant
877 2177 887 2192 ,
916 2144 1079 2200 inquit,
1104 2145 1302 2187 hauriant
1326 2146 1392 2186 vol
1414 2145 1530 2187 inviti
1565 2145 1632 2186 su-

276 2233 393 2260 mum
409 2216 559 2264 oculis,
580 2216 874 2272 symphoniam
892 2215 1063 2256 auribus
1079 2249 1087 2263 ‚
1104 2216 1290 2256 cinerem
1305 2216 1511 2264 saucibus,
1537 2215 1631 2257 thus

276 2289 471 2336 naribus,
506 2295 547 2328 et
580 2286 892 2328 adversantium
916 2286 1015 2327 licet
1037 2301 1107 2328 ora
1136 2287 1315 2328 excitata
1339 2286 1440 2329 socis
1479 2286 1630 2328 nostris

269 2360 408 2403 favilla
433 2365 670 2414 respergat;
688 2371 771 2398 non
791 2357 847 2398 illi
863 2357 959 2398 satis
982 2366 1079 2398 sunt
1098 2358 1261 2399 lavacra
1281 2389 1293 2406 ,
1317 2373 1400 2399 non
1420 2357 1628 2415 porticus,

277 2447 363 2476 non
399 2431 546 2488 plateae
582 2435 798 2485 occupate
822 2428 1058 2470 simulacris
1078 2430 1095 2471 P
1112 2430 1267 2471 Etiam·
1255 2445 1323 2471 ·ne
1345 2430 1386 2471 in
1413 2428 1629 2471 communi

277 2504 351 2547 illo
384 2499 563 2544 concilio
586 2513 671 2540 non
695 2498 776 2540 erit
814 2500 1051 2542 communis
1082 2500 1302 2542 conditio?
1331 2499 1631 2543 Obstrintretur

277 2576 343 2633 pia
381 2579 548 2616 senatus
585 2570 722 2628 portio
759 2569 1060 2613 obtestantium
1093 2571 1290 2621 vocibus,
1341 2534 1628 2629 adjuia‘iiiium
