1774 3158
547 254 827 283 EMSTOLARUM
862 254 1018 282 cussis
1053 256 1078 282 1.
1415 243 1494 298 295

151 333 240 375 illos
262 341 428 375 senatus
453 331 709 388 insequitur,
739 331 808 387 qui
835 331 1066 387 potentiam
1090 347 1206 373 suam
1231 332 1348 374 samae
1381 333 1500 390 prin»

152 405 252 460 cipis
272 405 558 460 praetulerunt.

207 474 279 514 ΙΙΙ.
318 473 466 514 Noster
479 480 618 514 autem
637 472 754 514 labor
770 486 845 527 pro
864 471 1084 512 clementia
1098 480 1233 512 vestra
1249 472 1364 513 ducit
1379 488 1501 513 excu-

150 542 251 584 bias.
274 542 349 583 Cui
367 543 479 583 enim
503 543 631 599 magis
655 543 896 584 commodat
915 543 1028 597 quod
1052 541 1238 583 instituta
1262 543 1499 598 majorum,

150 614 263 668 quod
287 612 428 669 patriae
463 612 554 668 jura
590 620 630 653 et
662 601 743 653 sam
776 611 1066 658 defendimus,
1102 626 1226 666 quam
1262 621 1500 667 temporum

151 684 291 739 gloriae
320 698 329 724 :
365 698 458 738 quae
493 692 582 724 tum
618 682 754 738 major
784 691 869 728 est,
900 696 996 722 cum
1030 681 1146 723 vobis
1169 690 1315 723 contra
1341 697 1501 724 morem

151 763 371 810 parentum
395 753 620 810 intelligitis
656 754 714 794 nil
736 752 894 794 licere?
916 753 1159 809 Repetimus
1183 752 1308 808 igitur
1338 753 1503 809 religio-

150 840 251 866 num
275 833 452 872 statum,
475 825 545 880 qui
570 824 809 880 reipublicae
838 824 909 864 diu
934 822 1101 879 profuit.
1127 822 1251 864 Certe
1282 838 1504 863 numeren-

151 903 219 936 tur
235 894 444 952 principes
465 894 683 950 utriusque
699 901 822 935 seetae
839 925 847 941 ‚
869 893 1086 949 utriusque
1108 891 1349 933 sententiae:
1372 893 1505 948 proxi-

150 980 242 1005 mus
283 980 429 1005 eorum
471 963 742 1005 caeremonias
786 971 954 1019 patrum
997 962 1155 1010 coluit,
1182 962 1391 1003 recentior
1423 979 1505 1003 non

152 1036 347 1077 removit.
375 1036 416 1077 Si
452 1036 691 1092 exemplum
717 1049 802 1076 non
837 1035 935 1076 sacit
969 1034 1113 1091 religio
1146 1043 1359 1082 vetorum,
1385 1035 1507 1076 saciat

154 1105 433 1146 dissimulatio
453 1105 754 1162 proximorum.

210 1174 277 1216 IV.
319 1175 425 1225 Quis
454 1175 507 1216 ita
531 1175 744 1215 familiaris
766 1182 829 1215 est
856 1173 1069 1219 barbaris,
1101 1181 1145 1215 ut
1175 1188 1286 1214 aram
1313 1173 1507 1214 Victoria:

153 1260 234 1286 non
260 1245 478 1301 requirat?
501 1245 622 1286 Cauti
648 1246 687 1286 in
713 1254 928 1302 posterum
948 1260 1090 1285 sumus
1106 1277 1115 1292 ,
1137 1253 1177 1286 et
1198 1245 1339 1286 talium
1365 1261 1504 1286 rerum

153 1325 314 1357 ostenta
345 1317 536 1357 vitamus.
565 1315 782 1358 Reddatur
806 1324 947 1357 tamen
984 1317 1129 1357 saltem
1157 1316 1316 1356 nomini
1340 1315 1502 1365 honor,

153 1387 222 1442 qui
246 1387 406 1427 numini
435 1389 663 1442 denegatus
687 1395 761 1428 est.
786 1386 915 1427 Multa
939 1386 1123 1427 victoriae
1148 1387 1273 1427 debet
1295 1387 1506 1427 (eternitas

152 1463 286 1496 vestra
307 1488 317 1503 ,
344 1464 386 1496 et
410 1455 546 1496 adhuc
570 1457 689 1511 plura
718 1456 905 1497 debebit.
931 1456 1194 1497 Aversuntur
1223 1455 1332 1496 hanc
1363 1464 1506 1512 potes-

155 1535 304 1573 tatem,
332 1526 482 1582 quibus
513 1526 616 1567 nihil
644 1527 802 1583 profuit
825 1542 834 1567 :
866 1541 938 1568 vos
970 1527 1154 1568 amicum
1184 1525 1408 1582 triumphis
1432 1542 1507 1582 pa-

154 1597 378 1638 trocinium
414 1597 541 1638 nolite
574 1598 778 1639 deserere.
802 1597 989 1656 ‘Cunctis
1026 1597 1211 1653 potentia
1255 1597 1329 1639 ista
1369 1586 1504 1638 votii‘a

153 1677 215 1709 est
236 1682 244 1708 :
267 1682 390 1708 nemo
410 1668 631 1708 colendam
649 1676 793 1723 neget,
812 1682 939 1724 quam
959 1666 1183 1724 profitetur
1199 1654 1440 1723 optandam.

212 1737 259 1779 V.
293 1737 419 1788 Quod
442 1738 472 1778 si
496 1737 622 1792 hujus
641 1737 791 1778 ominis
815 1752 898 1779 non
923 1746 1032 1779 esset
1054 1737 1161 1792 justa
1185 1738 1327 1779 vitatio
1345 1771 1354 1785 ‚
1381 1753 1507 1778 orna-

153 1808 304 1848 mentis
327 1807 472 1848 saltem
500 1807 626 1847 curiae
652 1806 793 1848 decuit
816 1806 1039 1848 abstinere.
1065 1807 1264 1848 Praestate
1280 1840 1289 1854 ,
1309 1822 1383 1849 oro
1407 1822 1476 1848 vos
1493 1840 1502 1854 ,

155 1887 200 1919 nt
221 1893 267 1919 ea
287 1893 377 1933 quae
405 1877 522 1933 pueri
544 1877 826 1933 suscepimus,
851 1893 970 1918 senes
995 1878 1170 1933 posteris
1199 1879 1499 1934 relinquamus,

154 1947 480 1989 Consuetudinis
516 1961 633 1987 amor
667 1962 843 2004 maguus
875 1956 949 1988 est.
982 1947 1131 1989 Merito
1160 1948 1241 1989 divi
1274 1948 1507 1990 Constantii

154 2019 311 2061 factum
333 2018 403 2059 diu
422 2018 646 2059 nonstetit.
670 2017 823 2060 Omnia
847 2019 962 2059 vobis
981 2019 1170 2074 exempla
1190 2019 1354 2060 vitanda
1379 2029 1478 2061 sunt
1495 2053 1504 2067 ,

155 2104 246 2144 quae
266 2103 364 2129 mox
385 2096 546 2130 remota
569 2087 786 2130 didicistis.
806 2088 1101 2131 AEternitatem
1119 2104 1314 2130 curamus
1329 2090 1448 2130 famae
1467 2098 1510 2130 et

154 2158 333 2200 nominis
352 2157 496 2205 vestri3
522 2172 573 2198 ne
591 2157 691 2213 quid
717 2158 851 2199 sutura
875 2167 972 2200 aetas
989 2158 1171 2199 inveniat
1193 2159 1507 2215 corrigendum.

214 2227 282 2269 Vl.
323 2227 399 2268 Ubi
424 2227 463 2267 in
486 2228 596 2283 leges
628 2236 785 2268 vestras
808 2236 849 2269 et
872 2229 996 2269 verba
1027 2227 1292 2284 jurabimus?
1315 2244 1394 2284 qua
1417 2228 1509 2269 reli-

156 2297 278 2354 gione
308 2311 425 2337 mens
448 2296 546 2336 falsa
572 2297 799 2338 terrebitur
818 2315 827 2346 ;
846 2312 898 2338 ne
922 2297 962 2338 in
986 2297 1232 2339 testimoniis
1247 2297 1505 2339 mentiatur?

157 2366 306 2409 Omnia
332 2365 502 2421 quidem
529 2365 616 2406 Deo
652 2368 774 2422 plena
797 2376 914 2417 sunt,
940 2382 1019 2409 nec
1047 2368 1155 2409 ullus
1192 2367 1365 2424 perfidis
1392 2376 1508 2408 tutus

157 2445 219 2478 est
241 2437 393 2477 locus:
428 2436 500 2476 sed
532 2435 759 2491 plurimum
794 2438 902 2479 valet
943 2439 994 2479 ad
1030 2446 1190 2479 melum
1237 2438 1508 2493 delinquendi

158 2506 283 2548 etiam
305 2504 522 2563 przesentia
548 2505 758 2563 religionis
782 2508 934 2565 urgeri.
965 2509 1038 2550 llla
1063 2524 1133 2551 ara
1155 2509 1425 2550 concordiam
1448 2516 1508 2548 te-

157 2584 228 2620 net
245 2576 456 2629 omnium,
484 2574 551 2618 illa
576 2590 644 2619 ara
678 2575 805 2619 fidem
829 2578 1027 2621 convenit
1050 2578 1313 2636 singulorum
1336 2592 1345 2618 ε
1372 2592 1507 2634 neque
