1774 3158
468 213 519 240 DE
551 210 676 239 OBITU
711 210 936 238 Tnnonosn
970 210 1140 238 onum.
1399 195 1478 238 135

121 290 238 334 »Rex
251 287 496 331 Judaeorum
511 288 543 331 ¹.
563 307 578 327 n
592 288 698 330 llinc
725 288 901 329 collecta
918 295 980 327 est
1002 287 1128 328 series
1149 285 1358 335 veritatis,
1382 285 1480 329 titu-

120 362 161 402 lo
194 374 296 401 crux
317 360 453 416 patuit
472 358 676 400 salutaris.
710 358 798 399 Iloc
829 366 890 398 est
912 358 1026 412 quod
1053 357 1294 413 petentibus
1315 356 1478 399 Judaeis

118 430 274 472 Pilatus
301 429 518 486 respondit
547 443 589 469 :«
612 428 738 478 Quod
768 426 937 483 scripsi,
968 425 1137 482 scripsi²
1155 427 1252 474 ,nid
1276 435 1367 475 est,
1393 441 1477 469 non

119 515 167 541 ea
191 499 356 556 scripsi,
382 514 472 555 quae
493 498 608 540 vobis
631 499 872 554 placerent,
896 497 970 537 sed
997 511 1088 552 quae
1114 504 1212 537 aetas
1230 496 1370 538 sutura
1382 511 1481 553 cog.

118 577 312 611 nosceret
342 583 350 609 :
376 583 462 611 non
485 568 601 610 vobis
635 567 811 624 scripsi,
849 565 924 607 sed
957 566 1217 622 posteritati3
1255 581 1481 623 propemo—

120 640 220 680 dum
244 639 387 681 dicens
410 655 419 680 :
441 639 602 680 Habeat
622 639 778 680 Helena
799 637 913 694 quod
935 637 1067 693 legat,
1092 638 1204 678 unde
1218 638 1482 679 cruccmDo-

118 710 219 752 mini
236 718 508 767 recognoscat
534 710 609 765 (61
630 710 664 764 ).

175 779 325 822 XLVI.
363 779 525 821 Invenit
545 794 644 835 ergo
668 778 862 825 titulum,
894 777 1056 833 Regem
1071 776 1273 825 adoravit,
1297 791 1381 818 non
1404 776 1478 833 lig-

117 863 219 889 num
254 849 421 904 utique;
451 849 548 905 quia
573 848 642 890 hic
679 847 845 905 gentilis
875 855 938 888 est
964 861 1104 894 error,
1141 856 1184 888 et
1214 847 1373 889 vanitas
1396 847 1476 888 im-

115 918 279 975 piorum
306 933 315 959 :
342 919 413 960 sed
436 918 624 960 adoravit
647 918 764 959 illum
779 950 790 965 ‚
820 918 891 973 qui
911 917 1113 974 pependit
1131 917 1172 958 in
1190 918 1325 975 ligno,
1344 918 1475 975 scrip·

115 997 182 1030 tus
206 989 248 1029 in
263 989 382 1030 titulo
401 1004 410 1030 z
429 988 564 1037 illum,
586 988 772 1044 inquam,
789 988 858 1044 qui
877 988 985 1029 sicut
1003 989 1238 1029 scarabaeus
1257 989 1469 1037 clamavit,

114 1067 159 1099 ut
183 1058 522 1114 persecutoribus
545 1058 627 1100 suis
651 1058 773 1099 Pater
793 1056 1192 1115 peccatadonaret³.
1218 1058 1351 1100 Avida
1369 1074 1468 1099 mn-

114 1128 191 1168 lier
207 1127 429 1168 festinabat
449 1137 617 1184 tangere
635 1128 877 1168 remedium
897 1127 1240 1175 immortalitatis,
1261 1129 1478 1170 metuebat

116 1198 279 1238 calcare
310 1205 620 1239 sacramentum
652 1198 807 1239 salutis.
843 1197 958 1242 Laeto
989 1198 1141 1245 corde,
1170 1205 1212 1239 et
1249 1197 1475 1254 trepidanti

114 1267 309 1324 vestigio,
333 1268 432 1323 quid
453 1268 632 1315 faceret,
660 1269 886 1309 nesciebat.
915 1268 1138 1310 pertendit
1160 1276 1300 1309 tamen
1326 1270 1376 1310 ad
1401 1283 1471 1309 cu·

114 1337 197 1378 bile
220 1337 428 1383 veritatis,
464 1337 624 1393 lignum
648 1337 835 1385 refulsit,
861 1345 902 1378 et
925 1338 1056 1394 gratia
1089 1337 1251 1379 micuit.
1284 1338 1336 1378 Et
1367 1338 1464 1394 quia

113 1408 198 1464 jam
227 1407 441 1448 soeminam
468 1408 708 1450 visitaverat
739 1407 931 1449 Christus
961 1408 1002 1448 in
1031 1408 1184 1455 Maria,
1211 1407 1391 1464 Spiritus
1423 1409 1466 1450 in

114 1480 270 1521 Helena
292 1478 472 1520 visitavit
496 1493 504 1518 :
527 1479 791 1536 docuiteam
826 1479 940 1533 quod
969 1478 1121 1519 mulier
1149 1478 1393 1534 ignorabat,
1423 1488 1469 1521 et

114 1548 288 1590 deduxit
315 1548 357 1589 in
374 1548 481 1591 viam
497 1581 508 1596 ,
533 1563 660 1604 quam
684 1549 873 1590 mortalis
891 1548 999 1589 scire
1023 1563 1108 1589 non
1134 1554 1315 1604 poterat.

171 1617 337 1660 XLVII.
362 1618 564 1669 Quaesivit
579 1620 734 1666 clavos,
755 1619 908 1675 quibus
921 1617 1147 1659 crucifixus
1163 1627 1226 1660 est
1242 1618 1465 1668 Dominus,

114 1697 154 1730 et
182 1689 354 1729 invenit.
385 1689 447 1730 De
469 1704 554 1730 uno
581 1691 696 1730 clavo
730 1689 869 1730 frenos
892 1688 981 1730 fieri
1004 1689 1228 1745 praecepit,
1259 1691 1311 1731 de
1335 1691 1466 1732 altero

114 1759 302 1800 diadema
324 1757 500 1798 intexuit
523 1773 530 1798 :
555 1773 687 1799 unum
719 1761 769 1800 ad
798 1761 994 1800 decorem
1014 1791 1023 1806 ,
1054 1759 1231 1800 alterum
1257 1761 1308 1800 ad
1337 1760 1467 1802 devo-

116 1829 271 1871 tionem
289 1829 425 1869 vertit.
456 1827 630 1869 Visitata
648 1837 710 1870 est
728 1829 853 1871 Maria
870 1862 880 1877 ,
905 1838 951 1870 ut
971 1822 1101 1870 Eram
1117 1830 1318 1871 liberaret
1338 1845 1346 1871 :
1371 1831 1468 1872 visi-

114 1908 196 1940 tata
218 1908 278 1940 est
295 1899 475 1947 Helena,
496 1909 542 1940 ut
561 1900 835 1956 imperatores
854 1900 1176 1941 redimerentur.
1198 1900 1309 1942 Misit
1325 1902 1468 1958 itaque

113 1969 198 2010 filio
230 1984 304 2010 suo
338 1969 613 2010 Constantino
646 1971 840 2011 diadema
865 1970 1041 2026 gemmis
1069 1971 1466 2027 insignitum,*quas

113 2038 332 2096 pretiosior
348 2039 457 2080 serro
476 2039 645 2081 innexas
665 2041 802 2082 crucis
820 2040 1120 2096 redemptionis
1139 2040 1288 2082 divinae
1300 2057 1465 2097 gemma

114 2117 397 2150 connecteret.
428 2109 534 2150 Misit
553 2118 593 2150 et
615 2109 796 2151 frenum.
827 2111 1013 2165 [troque
1041 2126 1139 2151 usus
1176 2119 1238 2152 est
1263 2111 1466 2154 Constan-

115 2179 246 2227 tinus,
269 2188 310 2220 et
332 2177 458 2220 fidem
492 2180 721 2221 transmisit
748 2182 797 2222 ad
826 2189 1016 2236 posteros
1048 2195 1178 2237 reges.
1205 2180 1463 2238 Principium

112 2252 252 2306 itaque
288 2250 552 2291 credentium
590 2251 890 2307 imperatorum
909 2252 995 2307 (62)
1014 2261 1208 2294 sanctum
1243 2261 1306 2294 est
1345 2256 1460 2308 quod

115 2334 239 2375 super
263 2318 473 2360 frenum⁴z
500 2319 641 2361 exilio
663 2319 781 2368 fides,
820 2329 865 2362 ut
891 2322 1129 2378 persecutio
1155 2331 1357 2369 cessaret,
1382 2326 1458 2364 de-

114 2391 227 2432 votio
254 2391 513 2432 succederet.

170 2458 358 2502 XLVIII.
397 2459 616 2516 Sapienter
645 2461 826 2509 Helena,
855 2476 946 2517 quae
976 2476 1147 2503 crucem
1176 2462 1218 2503 in
1245 2462 1381 2519 capite
1403 2478 1464 2502 re-

161 2559 168 2573 ·
191 2550 287 2581 Joan.
307 2561 379 2588 xix,
408 2561 456 2591 19.
474 2567 512 2574 —·
533 2559 544 2573 ²
568 2551 652 2583 ibid.
674 2563 726 2584 22.
743 2570 778 2576 —
799 2553 813 2576 δ
829 2553 906 2583 Luc.
924 2563 1016 2589 xxiii,
1035 2552 1087 2589 54.
1107 2570 1146 2576 -
1175 2555 1188 2581 4
1205 2552 1306 2583 Zach.
1328 2562 1394 2588 xiv,
1413 2562 1461 2584 20.
