1774 3158
503 194 784 225 ΕΡῙεΤοιΑῐιυΜ
817 194 973 223 οιΑεειε
1005 196 1033 223 1.
1365 182 1443 225 301

101 275 300 319 credam?
322 275 548 328 Quomodo
570 289 741 332 possum
769 273 885 316 vobis
913 275 1113 324 eredere,
1153 274 1224 332 qui
1253 274 1443 318 fatemini

106 361 178 388 vos
205 347 398 404 ignorare
416 347 530 403 quod
548 345 715 388 colitis?

166 417 271 460 VIII.
313 418 429 472 Uno,
451 417 586 472 inquit
601 449 611 464 ,
641 416 789 457 itinere
810 431 891 458 non
911 417 1048 473 potest
1067 417 1273 473 perveniri
1300 417 1349 459 ad
1368 426 1452 459 tam

103 488 259 544 grande
291 497 513 529 secretum.
559 486 684 536 Quod
722 501 792 527 vos
826 486 1049 542 ignoratis,
1075 486 1113 527 id
1145 502 1219 528 nos
1241 487 1316 528 Dei
1350 502 1452 529 voce

105 557 388 614 cognovimus.
418 557 468 598 Et
493 557 605 612 quod
628 571 698 596 vos
727 555 1036 611 suspicionibus
1068 557 1249 611 quaeritis
1270 589 1280 605 ,
1306 572 1380 598 nos
1405 573 1455 599 ox

106 627 190 683 ipsa
223 625 423 682 snpientia
458 626 531 667 Dei
559 634 600 666 et
623 625 797 666 veritate
829 635 1093 682 compertum
1120 627 1336 667 habemus.
1363 626 1453 668 Non

106 704 343 753 congruunt
365 696 491 752 igitur
514 704 648 736 vestra
674 694 906 736 nobiscum.
936 694 1017 736 Vos
1040 710 1187 751 pacem
1209 696 1285 736 diis
1309 697 1453 736 vestris

107 768 157 808 ab
186 766 507 823 imperatoribus
538 766 790 813 obsecratis,
823 781 897 806 nos
935 765 1032 821 ipsis
1071 765 1396 822 imperatoribus
1435 781 1455 806 a

107 837 274 879 Christo
294 852 440 894 pacem
461 852 670 891 rogamus.
704 835 782 877 Vos
799 850 1000 876 manuum
1023 845 1250 877 vestrarum
1275 838 1456 878 adoratis

107 924 254 965 opera,
293 923 366 948 nos
400 906 594 962 injuriam
626 907 819 947 ducimus
856 921 981 947 omne
1011 908 1121 961 quod
1154 906 1243 948 sieri
1287 916 1447 963 potest,

104 978 237 1020 Deum
262 977 413 1034 putari.
436 977 526 1019 Nou
552 978 638 1018 vult
661 992 703 1016 se
718 976 827 1016 Deus
855 976 894 1016 in
920 976 1127 1032 lapidibus
1148 977 1242 1018 coli.
1265 977 1457 1033 Denique

106 1049 230 1089 etiam
251 1049 326 1104 ipsi
351 1047 588 1104 philosophi
612 1048 733 1087 vestri
760 1047 837 1087 ista
859 1046 1054 1087 riserunt.

165 1119 237 1160 IX.
277 1120 403 1170 Quod
424 1119 455 1159 si
481 1133 550 1159 vos
575 1118 667 1158 idco
693 1118 906 1158 Christum
931 1117 1066 1158 Deum
1087 1118 1268 1174 negatis3
1289 1118 1383 1174 quia
1408 1119 1459 1160 il·

107 1190 193 1231 lum
211 1198 425 1231 mortuum
445 1204 534 1230 esse
556 1203 642 1230 non
666 1188 835 1229 creditis
864 1188 1049 1242 (nescitis
1071 1190 1183 1230 enim
1210 1191 1323 1244 quod
1345 1205 1458 1231 mors

107 1258 175 1299 illa
200 1259 335 1300 carnis
355 1258 478 1299 suerit
494 1291 504 1306 ,
526 1273 609 1299 non
632 1257 882 1304 Divinitatis,
903 1273 994 1314 quae
1019 1258 1116 1299 fecit
1134 1268 1178 1299 ut
1196 1259 1459 1300 credentium

106 1328 196 1384 jam
220 1344 344 1370 nemo
363 1328 579 1383 moriatur)
609 1329 706 1384 quid
729 1328 843 1369 vobis
865 1329 1174 1385 imprudentius
1191 1361 1200 1376 ‚
1222 1330 1295 1385 qui
1314 1339 1459 1371 contu-

107 1400 279 1441 meliose
313 1400 475 1448 colitis,
513 1408 554 1440 ct
592 1398 824 1440 honorifice
859 1399 1090 1455 derogatis;
1135 1408 1317 1440 vestrum
1346 1400 1458 1440 enim

107 1469 241 1512 Deum
265 1471 422 1527 lignum
448 1470 612 1526 putatis,
640 1470 674 1511 Ο
703 1469 1005 1510 contumeliosa
1038 1470 1296 1510 reverentia!
1321 1470 1460 1511 Chris-

109 1547 196 1580 tum
212 1539 317 1580 mori
338 1540 520 1596 potuisse
538 1554 619 1580 uon
640 1538 1125 1580 01·0dizis.()honorif1ca
1139 1539 1396 1595 pervicacia!

165 1609 218 1650 X.
258 1608 340 1650 Sed
362 1618 523 1656 vetera,
551 1609 707 1664 inquit,
733 1609 947 1649 reddenda
981 1618 1077 1650 sunt
1112 1609 1255 1650 altaria
1289 1609 1458 1650 simula-

108 1679 212 1726 cris,
248 1689 492 1721 ornamenta
529 1680 727 1720 delubris.
767 1680 1057 1735 R‹=poscantur
1085 1679 1173 1721 haec
1208 1695 1230 1720 a
1267 1690 1460 1737 consorte

109 1749 414 1806 superstitionis
442 1769 451 1797 ‚'
478 1749 730 1791 christianus
760 1749 987 1805 imperator
1011 1764 1124 1791 aram
1154 1750 1280 1790 solius
1305 1737 1461 1791 Cli—listi

110 1818 254 1859 didicit
275 1818 495 1859 honorare.
527 1819 639 1869 Quid
663 1834 809 1860 manus
832 1819 918 1875 pias
939 1828 980 1860 et
1002 1834 1073 1860 ora
1102 1818 1243 1861 fidelia
1267 1820 1460 1861 ministe—

110 1889 217 1930 rium
255 1889 337 1930 suis
369 1898 528 1945 cogunt
562 1890 786 1945 sacrilegiis
825 1890 1056 1930 exhibere?
1081 1889 1167 1931 Vox
1196 1890 1460 1946 imperatoris

110 1959 240 2001 nostri
261 1959 474 2000 Christum
499 1961 693 2013 resultet,
716 1969 755 2000 et
777 1960 891 2000 illum
911 1961 1044 2000 solum
1061 1991 1071 2007 ,
1092 1974 1215 2015 quem
1236 1960 1383 2008 sentit,
1404 1961 1461 2001 lo-

110 2038 262 2085 quatur
279 2046 288 2078 ;
306 2048 319 2067 (ι
336 2030 444 2080 Quia
469 2045 542 2070 cor
572 2030 679 2086 regis
702 2029 742 2070 in
762 2044 888 2070 manu
905 2029 1024 2070 Dei&
1049 2047 1063 2068 n
1090 2029 1303 2084 Numquid
1331 2029 1462 2085 impe-

110 2108 222 2141 rator
238 2100 402 2156 gentilis
424 2114 536 2140 aram
562 2099 729 2140 Christo
750 2098 929 2140 levavit?
956 2100 1063 2140 Dum
1079 2114 1122 2139 ea
1148 2114 1238 2154 quse
1262 2099 1432 2159 suerunt
1448 2132 1458 2147 ,

110 2178 360 2224 reposcunt,
400 2170 592 2225 exemplo
630 2184 704 2210 suo
736 2169 965 2210 admonent
1006 2177 1209 2224 quantum
1249 2167 1461 2209 christiani

114 2238 383 2295 imperatores
407 2238 624 2294 religioni,
648 2254 773 2294 quam
798 2247 1056 2295 sequuntur,
1082 2239 1262 2280 debeant
1301 2238 1462 2279 deferre

111 2309 380 2357 reverentiae3
407 2310 574 2364 quando
602 2309 777 2366 gentiles
807 2307 1174 2366 superstitionibus
1209 2307 1292 2350 suis
1326 2308 1464 2350 omnia

113 2379 365 2420 detulerunt.

170 2448 244 2491 XI.
280 2448 451 2491 Dudum
468 2449 672 2507 coepimus
687 2479 698 2497 ,
721 2457 763 2491 et
783 2448 867 2505 jam
894 2457 1128 2506 sequuntur
1147 2449 1353 2493 exclusos.
1381 2446 1462 2490 Nos

167 2548 174 2563 ¹
197 2540 287 2572 Piov.
308 2551 373 2576 xxi,
391 2551 418 2572 ι.
