1774 3158
317 203 368 229 DE
402 199 575 230 EXCESSU
610 200 780 227 FRATRIS
814 200 875 227 SUI
910 201 1076 234 SATx'm,
1112 202 1190 230 Lm.
1230 204 1254 230 1·
1447 206 1472 246 q

118 289 280 322 sentem
311 293 320 320 τ
356 293 433 320 nec
464 285 678 319 mortuum
714 286 816 334 puto
837 310 846 326 ,
883 278 1004 334 cujus
1041 280 1180 322 adhuc
1213 280 1349 323 officia
1386 296 1473 324 nou

120 349 288 406 requiro
302 382 311 396 ‚
338 348 491 405 quibus
511 361 586 404 ego
610 347 701 388 vitae
724 362 827 389 meae
846 362 968 389 usum
985 357 1025 390 ct
1041 349 1226 406 spirandi
1245 364 1370 392 omne
1387 365 1476 393 mu-

118 435 197 463 nus
218 419 472 461 addixeram.

181 488 272 531 XV.
312 489 426 539 Quid
448 487 559 528 enim
595 486 770 528 reseram
807 495 930 529 tantae
964 488 1133 544 gratiae,
1167 498 1284 532 tanto
1308 491 1473 534 labori?

117 561 203 616 Ego
228 567 290 606 te,
316 559 464 605 frater,
501 557 712 599 haeredem
732 557 912 599 feceram
931 590 940 605 ,
974 566 1018 598 tu
1050 573 1116 600 me
1139 559 1350 602 haeredem
1379 562 1472 603 reli-

117 629 241 686 quisti
268 643 277 669 :
301 643 378 684 ego
403 636 441 669 te
464 627 733 683 superstitem
757 628 954 684 optabam
974 660 984 675 ‚
1026 636 1071 668 tu
1104 643 1173 670 me
1203 629 1473 686 superstitem

118 698 324 740 dimisisti.
347 698 433 754 Ego
456 712 531 754 pro
550 697 794 738 muneribus
814 697 919 745 tuis,
941 705 986 738 ut
1005 711 1323 754 compensarem
1347 699 1473 740 bene-

117 767 209 809 ficia
229 800 239 816 ‚
267 777 360 809 vota
384 767 618 808 referebam
648 782 655 807 :
682 781 795 808 nunc
815 775 855 808 et
878 775 971 808 vota
995 767 1185 824 perdidi,
1224 768 1297 810 sed
1336 777 1474 811 tamen

117 847 186 880 tua
208 836 411 879 beneficia
439 851 521 877 non
548 836 679 878 amisi.
717 837 830 887 Quid
854 851 971 893 agam
991 869 1001 885 ,
1034 837 1115 879 mei
1147 852 1364 880 successor
1385 838 1474 880 hae-

116 908 254 951 redis?
273 908 370 964 quid
391 922 507 964 agam
524 939 533 954 ,
559 922 662 948 meae
685 907 777 948 vitae
796 907 1039 964 superstes?
1061 909 1161 965 quid
1189 924 1305 967 agam
1332 925 1472 953 exsors

115 980 242 1035 hujus
259 1013 268 1027 ‚
289 980 401 1034 quod
419 977 557 1035 capio,
575 977 774 1019 luminis?
798 994 898 1034 quas
921 988 1057 1035 grates
1072 1013 1080 1027 ‚
1106 995 1198 1036 quae
1221 995 1395 1023 munera
1413 996 1472 1023 re-

115 1051 245 1093 seram
268 1049 372 1092 tibi?
395 1049 508 1091 Nihil
525 1064 544 1089 a
564 1063 631 1089 me
649 1049 1020 1105 praeterlacrymas
1035 1050 1177 1094 habes.
1200 1050 1283 1092 Aut
1299 1050 1472 1093 sortasse

116 1135 287 1162 securus
310 1118 447 1160 meriti
471 1118 557 1167 tui,
585 1133 685 1174 quas
709 1120 814 1160 solas
831 1120 1076 1176 superstites
1093 1120 1227 1162 habeo
1245 1123 1467 1178 lacrymas,

114 1205 200 1232 non
223 1189 413 1245 requiris.
439 1188 543 1230 Nam
567 1189 691 1229 etiam
717 1203 811 1229 cum
838 1189 974 1230 adhuc
993 1190 1150 1231 viveres
1170 1223 1180 1238 ,
1205 1190 1307 1232 ssere
1334 1191 1473 1247 prohi-

115 1260 268 1301 bebas:
291 1272 603 1314 moeroremque
621 1259 750 1314 magis
769 1266 958 1300 nostrum
979 1291 988 1303 ‚
1005 1274 1129 1315 quam
1150 1268 1264 1301 tuam
1288 1268 1467 1301 mortem

116 1330 191 1372 tibi
210 1344 300 1372 esse-
331 1328 552 1370 testabaris
585 1328 750 1374 dolori„
775 1328 1005 1369 Prohibent
1030 1329 1203 1371 ulterius
1228 1329 1395 1387 prodire
1417 1331 1472 1371 la-

115 1413 296 1456 crymae,
322 1397 531 1454 fletusque
554 1406 768 1440 revocant.
793 1398 992 1441 Prohibet
1011 1400 1135 1441 etiam
1159 1400 1219 1441 tui
1242 1399 1396 1457 gratia;
1417 1414 1470 1441 ne

116 1471 215 1512 dum
238 1478 378 1511 nostra
405 1468 622 1517 deflemus,
646 1470 696 1510 de
721 1469 801 1510 tuis
823 1469 981 1511 meritis
996 1471 1216 1527 desperare
1234 1470 1463 1512 videamur.

173 1540 287 1583 XVI.
324 1540 378 1582 At
416 1548 530 1581 certe
567 1539 691 1581 nobis
724 1548 768 1582 tu
802 1540 929 1582 etiam
958 1541 1149 1583 moeroris
1171 1540 1469 1583 istiusminuis

114 1611 392 1653 acerbitatem
416 1625 423 1651 :
446 1624 530 1652 non
549 1610 684 1652 habeo
705 1612 817 1667 quod
838 1611 1033 1660 timeam,
1059 1612 1129 1668 qui
1149 1612 1344 1654 timebam
1369 1610 1466 1659 tibi;

115 1697 198 1724 non
222 1681 358 1724 habeo
386 1682 499 1738 quod
520 1681 623 1722 mihi
642 1681 725 1737 jam
752 1682 934 1722 mundus
955 1681 1118 1738 eripiat.
1139 1682 1225 1724 Etsi
1243 1690 1383 1723 sancta
1406 1696 1472 1722 su-

114 1752 244 1810 persit
271 1766 404 1800 soror,
434 1751 672 1807 integritate
695 1751 961 1799 venerahilis,
977 1752 1146 1807 {equalis
1169 1752 1369 1799 moribus,
1385 1766 1470 1792 nou

115 1824 251 1879 impar
266 1820 412 1862 officiis
430 1838 440 1869 ;
465 1822 538 1863 tibi
563 1830 700 1862 tamen
720 1822 843 1863 ambo
862 1823 953 1878 plus
969 1822 1219 1864 timebamus
1233 1856 1242 1871 ‚
1265 1822 1306 1863 in
1326 1831 1366 1864 te
1377 1822 1470 1863 vitae

116 1892 244 1949 hujus
265 1891 576 1948 jucunditatem
600 1891 826 1948 repositam
850 1891 1118 1948 putabamus.
1144 1891 1321 1948 Propter
1346 1899 1383 1932 te
1406 1891 1470 1931 vi-

115 1979 211 2005 vere
234 1962 502 2010 delectabat,
534 1970 707 2019 propter
735 1970 775 2003 te
803 1962 909 2003 mori
942 1976 1025 2002 non
1050 1961 1244 2018 pigebat3
1286 1970 1324 2002 te
1356 1961 1468 2002 enim

117 2035 240 2076 ambo
263 2033 530 2091 superstitem
557 2033 839 2089 precabamur
855 2065 866 2080 ‚
902 2031 978 2073 tibi
1000 2046 1076 2073 nos
1097 2032 1362 2089 supervivere
1385 2046 1469 2073 non

115 2104 300 2161 juvabat.
332 2103 513 2154 Quando
537 2117 623 2144 non
647 2103 868 2144 cohorruit
891 2102 1054 2143 animus
1075 2135 1084 2150 ‚
1112 2117 1210 2143 cum
1232 2110 1368 2144 metus
1389 2102 1469 2144 hu-

116 2173 298 2231 jusmodi
319 2171 534 2215 titillaret?
561 2173 788 2223 Quomodo
813 2180 1078 2214 consternata
1100 2187 1218 2214 mens
1246 2180 1335 2214 erat
1357 2172 1472 2230 aegri-

117 2244 274 2287 tudinis
300 2252 380 2285 tuae
397 2242 578 2285 nuntio?

174 2314 307 2357 XVII.
346 2314 416 2355 Yae
460 2313 622 2355 miserae
658 2313 873 2371 opinioni!
924 2315 1181 2356 Putabamus
1230 2312 1443 2355 redditum
1459 2347 1469 2363 ‚

117 2398 242 2440 quem
271 2383 461 2425 videmus
486 2384 688 2431 dilatum;
733 2384 812 2425 tuis
847 2384 960 2425 enim
992 2384 1098 2425 votis
1129 2383 1240 2440 apud
1280 2391 1473 2424 sanctum

116 2461 345 2509 martyrem
374 2451 646 2495 Laurentium
678 2453 952 2510 impetratum
979 2469 1071 2496 esse
1103 2467 1216 2495 nunc
1253 2453 1469 2510 cognosci-

117 2537 210 2564 mus
235 2532 518 2565 commeatum
549 2524 627 2582 (2).
651 2524 789 2581 Atque
813 2523 974 2567 utinam
998 2539 1082 2567 non
1106 2525 1241 2567 solum
1262 2536 1475 2566 commea·
