1774 3158
504 237 783 267 Ems‘romnuu
817 239 973 268 c1,Ass1s
1008 240 1034 268 1.
1375 230 1456 273 255

113 316 396 360 Christianum
420 316 555 369 hunc,
580 332 657 358 nec
678 318 937 359 sacerdotem
962 319 1044 358 ullo
1066 319 1192 360 modo
1220 333 1454 363 censemus.

168 387 400 430 Domninus
421 387 1065 444 episcopusGratianopolitanus
1083 388 1183 430 dixit
1202 389 1457 433 :Palladium

112 458 152 499 in
170 456 346 515 perfidia
362 458 469 500 Arrii
492 466 807 515 permanentem
826 457 866 499 in
885 467 1135 515 perpetuum
1151 492 1160 507 ,
1180 461 1289 501 sicut
1312 470 1353 503 et
1375 461 1459 503 sra-

113 537 194 570 tres
219 529 540 577 damnaverunt,
562 529 687 570 etiam
715 536 755 569 et
778 544 854 585 ego
873 544 1024 570 censeo
1041 544 1130 571 esse
1149 531 1452 575 damnandum.

168 597 319 642 LXIII.
358 599 559 641 Proculus
588 599 809 656 episcopus
843 600 1109 642 Massiliensis
1143 601 1245 643 dixit
1277 617 1285 643 :
1322 603 1457 645 Pulla-

110 669 240 717 dium,
254 670 323 725 qui
341 670 450 711 Arrii
468 668 745 726 blasphemias
763 670 839 710 sub
858 670 1038 725 quadam
1057 670 1182 728 impia
1206 671 1454 716 haereditate

108 755 191 781 non
222 740 547 782 condemnando
579 739 788 792 defendit,
817 741 926 783 sicut
960 741 1074 783 huuc
1105 751 1146 784 et
1175 743 1456 799 plurimorum

105 810 188 865 jam
211 811 510 852 venerabilium
544 811 809 852 sacerdotum
834 812 1040 853 sententia
1063 813 1357 869 blasphemum
1381 817 1456 857 de·-

106 881 280 937 signavit
294 912 304 928 ,
323 889 447 936 atque
470 896 491 922 a
508 881 742 922 sacerdotio
762 881 943 922 alienum
967 882 1093 930 dixit,
1110 883 1164 924 ita
1184 898 1275 925 mea
1298 884 1455 941 pariter

105 950 307 993 sententia
332 951 372 992 in
396 959 647 1008 perpetuum
675 951 1003 993 condemnatum
1027 952 1234 1009 designat.

162 1022 367 1078 Diogenes
403 1022 624 1078 episcopus
663 1021 897 1063 Genuensis
928 1022 1030 1064 dixit
1055 1039 1064 1064 ε
1090 1023 1348 1073 Palladium,
1382 1023 1454 1081 qui

106 1091 318 1135 Christum
354 1091 583 1133 Dominum
619 1092 756 1134 Deum
788 1107 935 1134 verum
962 1093 1140 1135 similem
1179 1103 1219 1136 et
1248 1097 1453 1151 aequalem

103 1161 214 1204 Patri
247 1163 347 1204 dum
371 1178 456 1204 non
478 1161 724 1211 confitetur,
748 1163 831 1204 imo
851 1164 1038 1221 negavit,
1057 1166 1368 1208 damnationem
1391 1167 1455 1223 ju-

105 1232 198 1274 dico
216 1247 312 1274 cum
325 1234 483 1275 caeteris
495 1233 694 1276 fratribus
711 1233 812 1275 meis
826 1235 889 1275 vel
907 1236 1278 1277 consacerdotibus
1296 1236 1448 1278 sortiri.

160 1302 306 1345 LXIV.
343 1303 584 1345 Armantius
602 1304 824 1360 episcopus
840 1303 1045 1346 Nicien'sis
1066 1305 1197 1346 dixit:
1219 1305 1452 1348 Palladium

103 1373 173 1430 qui
195 1382 352 1416 sectam
375 1374 484 1416 Arrii
508 1389 590 1415 non
606 1375 831 1423 destruxit,
845 1376 1079 1417 secundum
1098 1377 1451 1419 consacerdotum

102 1460 292 1487 meorum
311 1445 519 1501 judicium
540 1445 668 1487 etiam
692 1454 734 1487 et
750 1461 826 1502 ego
848 1448 1102 1489 condemno.

158 1515 382 1557 ‚Ianuarius
403 1515 627 1573 episcopus
655 1516 758 1557 dixit
783 1533 792 1556 ε
818 1516 935 1558 Sicut
960 1531 1106 1558 omues
1129 1517 1453 1560 consacerdotes

100 1586 183 1628 mei
205 1585 510 1629 damnaverunt
535 1586 768 1628 Palladium
783 1619 793 1635 ‚
821 1587 876 1629 ita
898 1596 939 1629 et
961 1601 1037 1644 ego
1061 1586 1151 1644 pari
1172 1586 1333 1644 judicio
1354 1602 1451 1631 eum

101 1670 250 1698 censeo
271 1671 359 1698 esse
382 1657 682 1698 damnandum.

98 1804 407 1846 Secundt'anus
440 1803 669 1845 Christum
701 1818 927 1861 agnoscere
957 1803 1100 1846 Deum
1133 1822 1289 1850 verum
1310 1810 1449 1853 inter-

153 1873 339 1929 peltatas
363 1873 538 1927 eadem,
561 1888 650 1929 qua
676 1873 906 1915 Palladius
922 1907 931 1921 ,
953 1876 1233 1919 cavillatione
1265 1890 1451 1923 conatur

155 1945 309 1987 Patres
328 1944 573 2003 ludificari.

154 2063 280 2111 LXV.
319 2068 371 2110 Et
407 2083 504 2110 cum
543 2067 833 2109 Secnndianus
871 2068 1174 2125 subripuisset,
1201 2069 1446 2114 Ambrosius

97 2139 320 2197 episcopus
353 2139 455 2181 dixit
479 2154 488 2180 ε
515 2138 706 2186 Audisti,
734 2138 1025 2186 Secundiane,
1052 2138 1291 2195 cujusmodi
1319 2142 1447 2183 Palla-

98 2209 190 2250 dius
221 2210 372 2266 impius
412 2209 684 2256 sententiam,
715 2208 965 2250 sacerdotali
997 2208 1187 2251 Concilio
1227 2211 1446 2253 damnatus

97 2281 330 2338 exceperit;
361 2282 461 2323 licet
496 2280 756 2336 displicuerit
794 2280 916 2321 nobis
949 2280 1063 2335 quod
1096 2279 1215 2336 ejus,
1241 2280 1322 2323 hoc
1357 2290 1445 2330 est,

95 2352 266 2394 Palladii
291 2368 374 2394 non
394 2352 608 2394 horrueris
632 2351 855 2393 amentiam
872 2383 881 2398 ,
905 2359 1043 2393 tamen
1064 2353 1114 2393 dc
1139 2360 1177 2393 tc
1201 2353 1337 2409 aliqua
1359 2369 1447 2410 spe-

97 2422 257 2464 cialiter
295 2437 449 2478 quaero.
497 2423 644 2464 [trum
683 2421 757 2464 Dei
794 2421 948 2463 Filium
986 2421 1215 2464 Dominum
1252 2432 1444 2466 nostrum

94 2491 239 2535 «Iesum
265 2492 478 2542 Christum
497 2526 508 2541 ,
532 2507 677 2535 verum
699 2493 762 2534 vel
785 2506 867 2533 non
892 2506 1036 2533 verum
1055 2493 1190 2534 Deum
1213 2493 1356 2535 dicas?

153 2562 443 2607 secundianus
462 2562 590 2606 dixit:
612 2562 696 2614 Qui
715 2570 839 2619 negat
855 2561 990 2604 Deum
1009 2577 1156 2604 verum
1180 2578 1268 2605 esse
1280 2564 1445 2607 Patrem
