1774 3158
236 247 320 301 294
788 257 819 284 s.
861 255 1052 284 AMBnosu

233 335 390 392 aliquid
421 334 552 391 magis
575 333 868 376 auctoritatem
898 333 996 376 sacit
1019 333 1236 375 sententiis
1257 334 1408 376 nostris
1423 367 1434 383 ,
1455 349 1582 392 quam

231 407 347 462 quod
369 405 509 447 omnin
532 404 648 461 quasi
675 404 838 460 juratus
871 414 1013 446 noster
1050 405 1152 445 ordo
1187 405 1389 447 decernit.
1417 406 1582 448 Patebit

231 491 330 532 ergo
353 477 472 518 sedes
496 474 668 532 profana
692 475 886 532 perjuriis
903 507 914 524 ,
935 484 978 516 et
1006 474 1086 516 hoc
1114 474 1247 515 incliti
1267 475 1478 531 principes
1501 476 1585 518 mei

230 545 450 602 probabile
471 545 752 601 judicabunt,
783 544 854 601 qui
882 552 1148 586 sacramento
1171 544 1344 600 publico
1369 545 1447 586 tuti
1468 554 1578 587 sunt.

290 614 376 656 VII.
416 614 499 656 Sed
514 614 634 657 divus
652 614 921 656 Constantius
944 614 1053 655 idem
1076 613 1224 656 fecisse
1243 614 1585 658 ‹licitur‚Caetera

229 685 368 743 potius
395 685 503 728 illius
526 685 725 742 principis
753 687 1031 728 aemulemur:
1057 685 1129 742 qui
1154 685 1259 726 nihil
1286 685 1368 727 tale
1389 694 1498 728 esset
1519 702 1585 743 ag-

230 770 415 812 gressus,
434 756 465 798 si
487 757 577 812 quis
609 765 706 798 ante
728 771 771 798 se
806 756 908 797 alius
931 755 1153 798 deviasset?
1179 754 1361 811 Corrigit
1383 756 1493 797 enim
1519 770 1586 796 se-

231 834 429 882 quentem
452 827 591 883 lapsus
615 826 763 883 prioris
780 858 790 874 ,
816 834 857 867 et
878 827 929 868 de
948 825 1278 882 reprehensione
1298 825 1586 867 antecedentis

231 897 410 953 exempli
434 899 620 938 nascitur
650 897 904 938 emendatio.
934 897 1012 938 Fas
1046 895 1125 937 fuit
1161 903 1207 936 ut
1230 911 1380 952 parens
1412 897 1478 937 ille
1500 898 1564 938 cle

230 967 398 1008 mentiae
422 976 568 1009 vestrae
601 967 641 1008 in
673 982 717 1009 re
741 967 878 1009 adhuc
909 982 1015 1008 nova
1053 980 1139 1008 non
1175 973 1342 1007 caveret
1365 966 1580 1007 iuvidiam.

232 1036 342 1078 Num
376 1045 516 1093 potest
544 1037 668 1078 etiam
697 1037 817 1078 nobis
854 1038 1001 1078 eadem
1038 1034 1226 1077 defensio
1260 1038 1512 1083 convenire,
1551 1035 1586 1077 si

230 1104 465 1154 imitemur,
492 1108 606 1162 quod
629 1107 899 1148 meminimus
923 1104 1244 1163 improbatum?

291 1174 399 1217 VIII.
437 1176 630 1233 Accipiat
656 1177 866 1218 aeternitas
894 1185 1028 1218 vostra
1058 1176 1136 1217 alia
1174 1175 1364 1231 ejusdem
1388 1176 1587 1233 principis
1640 1172 1644 1177 ’

232 1246 365 1293 facta,
392 1261 483 1302 quae
510 1246 552 1287 in
588 1262 711 1288 usum
739 1247 905 1304 dignius
933 1247 1084 1288 trahat.
1114 1246 1181 1288 Nil
1203 1247 1271 1287 ille
1293 1247 1504 1303 decerpsit
1525 1263 1587 1289 sa·

233 1331 400 1360 orarum
423 1318 630 1374 virginum
648 1318 897 1375 privilegiis,
915 1318 1091 1375 replevit
1107 1317 1320 1359 nobilibus
1337 1319 1586 1368 sacerdotia,

232 1387 432 1430 Romanis
455 1389 715 1430 caeremoniis
742 1403 826 1431 uon
850 1388 1017 1445 negavit
1040 1388 1264 1444 impensas,
1285 1395 1327 1428 et
1346 1403 1422 1444 per
1443 1403 1588 1430 omnes

233 1457 318 1499 vias
340 1467 506 1500 aeternae
526 1459 648 1500 Urbis
672 1460 814 1501 laetum
845 1468 1013 1500 secutus
1047 1466 1264 1505 senatum,
1289 1457 1392 1498 vidit
1423 1457 1589 1514 placido

234 1542 306 1568 ore
348 1528 522 1570 delubra
537 1561 548 1577 ‚
585 1528 685 1585 legit
724 1528 925 1586 inscripta
955 1528 1126 1585 fastigiis
1166 1528 1352 1569 Deorum
1390 1528 1586 1576 nomina,

233 1607 505 1655 percontatus
527 1609 589 1642 est
611 1601 866 1657 templorum
890 1599 1095 1656 origines,
1117 1599 1292 1640 miratus
1315 1605 1377 1639 est
1394 1599 1588 1640 condito-

232 1684 310 1711 res.
334 1669 526 1727 Cumque
552 1671 650 1712 alias
672 1671 894 1727 religiones
917 1670 1004 1727 ipse
1024 1673 1296 1726 sequeretur,
1317 1668 1391 1710 has
1413 1668 1590 1710 servavit

233 1739 430 1795 imperi03
462 1756 561 1781 suus
588 1740 701 1782 enim
733 1741 887 1796 cuique
919 1755 1036 1788 mos,
1071 1755 1170 1781 suus
1202 1738 1357 1794 cuique
1377 1738 1481 1780 ritus
1508 1746 1584 1780 est.

172 1812 182 1820 “
234 1809 378 1852 Varios
397 1813 593 1853 custodes
617 1812 794 1854 urbibus
817 1820 859 1853 et
885 1812 1024 1853 cultus
1046 1825 1165 1852 mens
1189 1809 1326 1850 divina
1359 1808 1583 1851 distribuit.

233 1884 285 1925 Ijt
309 1883 456 1924 auimae
480 1883 774 1930 nascentibus,
801 1883 856 1925 ita
890 1882 1054 1939 populis
1077 1882 1222 1924 fatales
1249 1881 1362 1939 genii
1391 1880 1590 1922 dividun-

233 1963 314 1996 tur.
344 1954 522 2023 Accedit
547 1954 725 2002 utilitas,
754 1969 847 2020 que
865 1953 1049 1995 maxime
1081 1953 1245 1995 homini
1280 1953 1390 1994 Deos
1427 1951 1584 1992 asserit.

231 2025 336 2070 Nam
369 2041 466 2067 cum
494 2025 600 2066 ratio
634 2025 770 2066 omnis
795 2025 837 2066 iu
859 2031 1007 2081 operto
1031 2024 1110 2073 sit,
1136 2024 1249 2064 unde
1282 2022 1439 2064 rectius
1462 2036 1589 2077 quam

234 2099 284 2139 de
304 2097 508 2138 memoria
526 2105 652 2152 atque
677 2095 944 2138 documentis
967 2110 1108 2136 rerum
1139 2095 1423 2136 secundarum
1444 2092 1578 2149 cogni-

233 2168 290 2208 tio
312 2167 427 2208 venit
456 2165 712 2207 numinum?
735 2167 825 2206 Jam
850 2165 883 2207 si
906 2167 1028 2222 longa
1051 2173 1150 2206 retas
1169 2164 1466 2206 auctoritatem
1491 2163 1590 2205 reli-

225 2237 420 2294 gionibus
446 2235 813 2283 saciat,servanda
832 2244 894 2277 est
915 2235 1150 2277 totsaeculis
1169 2233 1274 2276 fides
1291 2267 1302 2283 ,
1326 2242 1369 2276 et
1387 2233 1588 2290 sequendi

223 2316 323 2349 sunt
346 2307 466 2348 nobis
492 2315 710 2363 parentes,
735 2306 809 2363 qui
831 2305 967 2348 secuti
988 2313 1087 2347 sunt
1108 2305 1288 2347 feliciter
1304 2319 1414 2346 suos.

283 2377 357 2420 IX.
395 2378 575 2420 Romam
599 2392 712 2419 nuuc
738 2386 937 2434 putemus
963 2375 1156 2418 assistere
1175 2409 1183 2421 ‚
1211 2383 1336 2432 atque
1362 2374 1426 2416 his
1444 2374 1586 2416 vobis-

223 2463 320 2489 cum
341 2462 464 2504 agere
488 2447 757 2490 sermonibus
784 2463 793 2487 ε
821 2447 981 2504 Optimi
1000 2446 1209 2503 principes
1224 2478 1234 2493 ,
1260 2453 1399 2502 patres
1421 2444 1586 2502 patriae,

221 2516 473 2559 reveremini
507 2532 638 2559 annos
672 2532 812 2566 meos,
846 2517 887 2558 in
916 2531 1021 2573 quos
1045 2531 1114 2558 me
1142 2516 1237 2574 pius
1265 2515 1370 2558 ritus
1394 2515 1582 2557 adduxit.

225 2587 324 2629 Utar
345 2587 607 2630 caeremoniis
637 2587 778 2635 avitis;
805 2601 941 2644 neque
961 2586 1074 2629 enim
1098 2585 1287 2643 poenitet.
1310 2583 1457 2628 Vivam
1489 2598 1584 2627 meo
