1774 3158
521 188 538 200 A

339 245 390 272 DE
423 242 515 271 rina
551 241 917 278 RESURRECTIONJS,
956 245 1035 272 12113.
1074 246 1116 273 11.
1362 231 1410 273 (31

66 336 366 379 unuinquoque
393 322 444 363 ad
476 335 594 363 suam
626 321 916 378 compaginem
945 323 1193 380 prophetico
1222 339 1412 366 sermone

69 392 277 448 signatum
314 391 372 433 sic
395 391 506 432 enim
533 390 662 432 habes
689 404 733 432 ια
755 390 805 431 Et
833 391 1088 433 accedebant
1110 408 1227 440 ossa,
1261 409 1416 435 unum-

69 463 295 518 »quodque
323 462 374 502 ad
401 474 519 502 suam
552 460 858 517 compaginem.
887 461 939 502 Et
960 460 1070 510 vidi,
1101 471 1142 504 et
1174 477 1274 504 ecce
1295 478 1419 520 super

70 532 166 573 »illa
190 532 304 573 nervi
327 540 368 573 et
387 531 542 574 viscera
567 530 869 580 nascebantur,
897 540 938 573 et
960 533 1208 574 ascendebat
1227 549 1349 590 super
1371 549 1419 576 ea

72 603 207 645 »cutis
232 603 433 659 desuper,
459 610 498 643 et
523 600 690 658 spiritus
713 601 754 643 in
772 601 835 643 his
859 616 942 643 non
963 601 1089 644 erat¹.
1107 621 1121 641 n

129 671 320 715 LXXIII.
359 672 505 728 Magna
527 670 696 712 Domini
720 672 868 728 gratia,
898 673 1011 728 quod
1030 671 1178 714 suturae
1208 689 1420 716 resurrec-

75 740 194 783 tionis
213 741 418 798 Propheta
440 740 555 783 testis
580 740 819 790 adhibetur,
845 749 891 783 ut
912 756 987 783 nos
1007 757 1174 798 quoque
1196 758 1286 784 eam
1313 743 1419 784 illius

73 811 204 852 oculis
229 811 477 853 videremus.
500 810 644 867 Neque
662 811 776 852 enim
796 826 940 853 omnes
959 820 1082 854 testes
1103 812 1291 853 adhiberi
1311 822 1425 869 [uite-

73 891 190 930 rant,
221 883 292 923 sed
318 882 356 923 in
383 897 466 923 uno
494 896 638 923 omnes
663 890 786 923 testes
812 897 978 931 sumus3
1006 882 1102 938 quia
1125 898 1202 925 nec
1227 885 1266 924 in
1290 885 1424 925 virum

75 952 388 994 sanctumcadit.
404 951 688 1000 mendacium,
704 967 781 994 nec
797 952 1012 994 intantum
1025 953 1419 1011 errorProphetam.

132 1021 320 1064 LXXIV.
359 1021 443 1064 Nec
466 1021 604 1063 minus
632 1022 853 1065 verisimile
881 1024 1005 1066 dehet
1041 1024 1193 1075 videri,
1233 1024 1327 1081 quia
1357 1025 1426 1080 ju—

76 1092 200 1134 bente
223 1093 310 1134 Deo
326 1124 336 1140 ,
362 1107 452 1134 ossa
477 1092 519 1133 in
542 1107 660 1134 suam
685 1094 978 1150 compaginem
1001 1095 1285 1137 reformantur
1301 1128 1311 1146 ‚
1336 1110 1432 1137 cuin

26 1189 31 1194 -
76 1162 221 1218 ntique
238 1163 458 1204 innumera
476 1163 706 1205 habeamus
727 1166 932 1221 exempla,
955 1165 1107 1221 quibus
1126 1173 1272 1207 natura
1293 1181 1432 1208 reruni

78 1233 317 1275 coelestibus
347 1242 407 1275 est
432 1233 632 1275 obsecuta
657 1235 900 1292 praecepti&
921 1243 966 1276 nt
993 1243 1102 1278 terra
1120 1237 1319 1293 pabulum
1344 1238 1433 1294 gig—

79 1320 178 1346 nere
195 1304 440 1361 juberetur,
466 1314 508 1346 ot
525 1305 739 1362 gigneret²
763 1321 772 1346 :
800 1314 845 1347 ut
866 1305 916 1346 ad
949 1306 1073 1363 virgae
1105 1314 1262 1348 tactum
1296 1308 1435 1349 sitien-

79 1375 189 1417 tibus
212 1375 374 1432 populis
398 1383 515 1432 petra
542 1384 727 1417 vomeret
751 1375 922 1432 aquam!³
939 1408 947 1418 .
977 1385 1101 1433 atque
1126 1385 1230 1418 aestu
1260 1378 1429 1419 torridis

80 1445 346 1488 miseratione
374 1445 509 1487 divina
533 1447 742 1489 undarent
763 1446 920 1489 fluenta
944 1447 1046 1488 dura
1069 1462 1279 1489 saxorum.
1308 1447 1432 1504 Virga

82 1518 121 1559 in
157 1526 392 1574 serpentem
424 1532 538 1559 versa
584 1517 684 1574 quid
721 1518 832 1560 alind
864 1517 1086 1560 indicavit⁶
1105 1551 1116 1567 ‚
1152 1519 1231 1560 nisi
1267 1520 1432 1560 volente

81 1588 168 1630 Deo
195 1602 244 1629 ex
275 1587 585 1629 insensibilibus
612 1587 819 1629 sensibilia
847 1601 969 1645 posse
998 1586 1222 1644 generari?
1252 1588 1315 1629 An
1339 1604 1435 1630 vero

83 1657 368 1699 incredibilius
387 1665 508 1715 putas
533 1660 647 1714 quod
664 1673 754 1700 ossa
770 1691 780 1706 ,
805 1672 901 1700 cum
920 1657 1147 1714 jubentur,
1173 1660 1430 1708 accedunt⁵3

82 1743 207 1784 quam
232 1729 345 1785 quod
368 1737 601 1771 retrorsum
626 1728 784 1771 fluenta
802 1737 1046 1777 vertuntur,
1079 1729 1208 1771 maria
1240 1729 1436 1786 fugiunt?

85 1798 153 1840 Sic
177 1798 287 1839 enim
307 1798 518 1856 Propheta
544 1807 721 1841 testatur
741 1815 749 1840 :
767 1799 910 1841 «Mare
932 1800 1034 1842 vidit
1062 1807 1103 1841 et
1130 1799 1256 1856 sugit,
1285 1800 1436 1842 Jorda-

86 1887 102 1908 »
116 1868 177 1909 nis
197 1882 422 1910 conversus
439 1878 501 1910 est
523 1878 753 1911 retrorsum
769 1868 799 1911 ⁶.
819 1888 833 1908 »
848 1869 933 1912 Nec
952 1885 1076 1926 super
1097 1870 1176 1911 hoc
1197 1871 1350 1926 ambigi
1369 1885 1440 1926 po-

88 1947 188 1986 test,
222 1939 335 1994 quod
366 1939 547 1980 duorum
575 1940 831 1997 populorum
868 1939 1036 1981 alterius
1075 1940 1237 1987 salute,
1271 1939 1438 1981 alterius

88 2009 205 2050 obitu
225 2010 550 2067 comprobatum
577 2019 639 2052 est
662 2025 864 2066 aquarum
895 2025 1041 2052 cursus
1070 2011 1231 2052 stetisse
1256 2010 1438 2053 frenatos

89 2081 347 2136 eosdemque
372 2081 458 2123 aliis
481 2081 780 2129 circumfusos,
802 2080 889 2122 aliis
912 2082 964 2122 ad
985 2089 1164 2124 mortem
1188 2081 1346 2123 refusos
1361 2114 1371 2130 ,
1398 2091 1442 2123 ut

91 2143 476 2208 aliosmergerent,
502 2152 602 2194 alios
623 2150 924 2194 reservarent&
951 2151 1061 2202 Quid
1082 2152 1121 2193 in
1141 2152 1227 2209 ipso
1251 2152 1441 2209 Evange-

90 2224 145 2265 lio
161 2224 176 2264 P
193 2222 341 2265 Nonne
359 2223 414 2264 ibi
438 2222 632 2280 probavit
651 2222 874 2270 Dominus,
893 2224 1003 2278 quod
1028 2223 1153 2264 verbo
1177 2224 1287 2265 unda
1306 2223 1445 2265 [nites-

92 2303 159 2336 cat
188 2293 384 2350 fugentur
409 2294 502 2335 eoeli
524 2294 691 2341 nubila,
725 2295 878 2335 cedant
903 2293 1036 2334 flabra
1060 2301 1305 2341 ventorum,
1349 2295 1441 2351 pla·

92 2366 279 2423 cidisque
300 2366 510 2408 littoribus
526 2373 642 2407 muta
664 2364 752 2407 Deo
776 2365 1032 2407 famulentur
1051 2366 1257 2407 elementa
1272 2364 1283 2384 ⁸
1302 2364 1319 2405 P

141 2477 148 2491 ¹
172 2467 289 2500 Ezech.
312 2477 432 2504 xxxvn,
461 2479 494 2510 7,
526 2473 560 2500 et
583 2478 673 2508 seqq.
690 2485 730 2490 —
747 2475 759 2489 ¹
781 2468 865 2499 Gen.
897 2479 919 2505 ι,
951 2478 999 2499 ιι.
1019 2485 1057 2490 -
1078 2469 1091 2490 ³
1126 2466 1222 2498 Num.
1254 2477 1305 2501 xx,
1338 2476 1387 2497 ιι.
1404 2484 1442 2489 —-

96 2523 110 2548 ⁴
126 2521 226 2554 Exod.
253 2533 296 2561 iv,
321 2523 351 2552 3.
367 2540 405 2545 —
427 2525 439 2545 ⁵
456 2522 570 2554 Ezech.
597 2531 720 2560 xxxvii,
748 2534 777 2564 7.
799 2541 834 2547 —
855 2523 868 2546 ⁶
888 2522 969 2556 Psal.
999 2533 1091 2560 cxiii,
1111 2521 1140 2555 5.
1162 2527 1231 2548 —7
1257 2521 1358 2553 Exoil.
1380 2531 1444 2558 xiv,

98 2586 147 2611 22.
163 2582 196 2610 et
208 2587 299 2619 seqq.
317 2595 356 2601 --
372 2578 384 2597 ⁸
407 2577 525 2611 Manli.
545 2586 616 2614 vni,
636 2576 687 2608 26.
