<?xml version="1.0" encoding="UTF-8"?>
<!DOCTYPE html PUBLIC "-//W3C//DTD XHTML 1.0 Transitional//EN"
    "http://www.w3.org/TR/xhtml1/DTD/xhtml1-transitional.dtd">
<html xmlns="http://www.w3.org/1999/xhtml" xml:lang="en" lang="en">
 <head>
  <title>
</title>
<meta http-equiv="Content-Type" content="text/html;charset=utf-8" />
  <meta name='ocr-system' content='tesseract 3.04.00' />
  <meta name='ocr-capabilities' content='ocr_page ocr_carea ocr_par ocr_line ocrx_word'/>
</head>
<body>
  <div class='ocr_page' id='page_1' title='image "./omniaequaeextant08ambruoft_0427.png"; bbox 0 0 1774 3158; ppageno 0'>
   <div class='ocr_carea' id='block_1_1' title="bbox 537 255 1484 303">
    <p class='ocr_par' dir='ltr' id='par_1_1' title="bbox 537 255 1484 303">
     <span class='ocr_line' id='line_1_1' title="bbox 537 255 1484 303; baseline 0.003 -12"><span class='ocrx_word' id='word_1_1' title='bbox 537 263 819 292; x_wconf 63' lang='lat' dir='ltr'><strong>Er1s‘romnun</strong></span> <span class='ocrx_word' id='word_1_2' title='bbox 852 263 1008 293; x_wconf 69' lang='lat' dir='ltr'><strong>cLAssm</strong></span> <span class='ocrx_word' id='word_1_3' title='bbox 1041 265 1068 293; x_wconf 86' lang='lat'><strong>1.</strong></span> <span class='ocrx_word' id='word_1_4' title='bbox 1403 255 1484 303; x_wconf 74' lang='lat'><strong>413</strong></span> 
     </span>
    </p>
   </div>
   <div class='ocr_carea' id='block_1_2' title="bbox 137 340 1486 610">
    <p class='ocr_par' dir='ltr' id='par_1_2' title="bbox 137 340 1486 610">
     <span class='ocr_line' id='line_1_2' title="bbox 137 340 1483 400; baseline 0.004 -18"><span class='ocrx_word' id='word_1_5' title='bbox 137 356 239 397; x_wconf 85' lang='lat' dir='ltr'><strong>qnas</strong></span> <span class='ocrx_word' id='word_1_6' title='bbox 261 340 454 384; x_wconf 83' lang='lat' dir='ltr'><strong>fidelibus</strong></span> <span class='ocrx_word' id='word_1_7' title='bbox 474 341 564 383; x_wconf 81' lang='lat' dir='ltr'><strong>suis</strong></span> <span class='ocrx_word' id='word_1_8' title='bbox 587 342 768 399; x_wconf 87' lang='lat' dir='ltr'><strong>Spiritus</strong></span> <span class='ocrx_word' id='word_1_9' title='bbox 792 350 963 384; x_wconf 81' lang='lat' dir='ltr'><strong>sanctus</strong></span> <span class='ocrx_word' id='word_1_10' title='bbox 991 343 1224 393; x_wconf 84' lang='lat' dir='ltr'><strong>ministrat,</strong></span> <span class='ocrx_word' id='word_1_11' title='bbox 1249 344 1319 400; x_wconf 89' lang='lat' dir='ltr'><strong>qui</strong></span> <span class='ocrx_word' id='word_1_12' title='bbox 1356 345 1483 388; x_wconf 88' lang='lat' dir='ltr'><strong>etiam</strong></span> 
     </span>
     <span class='ocr_line' id='line_1_3' title="bbox 138 412 1486 472; baseline 0.003 -18"><span class='ocrx_word' id='word_1_13' title='bbox 138 413 318 454; x_wconf 85' lang='lat' dir='ltr'><strong>animam</strong></span> <span class='ocrx_word' id='word_1_14' title='bbox 343 422 457 454; x_wconf 82' lang='lat' dir='ltr'><strong>tuam</strong></span> <span class='ocrx_word' id='word_1_15' title='bbox 481 412 675 470; x_wconf 73' lang='lat' dir='ltr'><strong>dignetur</strong></span> <span class='ocrx_word' id='word_1_16' title='bbox 692 413 849 470; x_wconf 79' lang='lat' dir='ltr'><strong>rigare,</strong></span> <span class='ocrx_word' id='word_1_17' title='bbox 870 422 916 455; x_wconf 79' lang='lat' dir='ltr'><strong>ut</strong></span> <span class='ocrx_word' id='word_1_18' title='bbox 945 415 1132 456; x_wconf 87' lang='lat' dir='ltr'><strong>abundet</strong></span> <span class='ocrx_word' id='word_1_19' title='bbox 1148 415 1187 455; x_wconf 89' lang='lat' dir='ltr'><strong>in</strong></span> <span class='ocrx_word' id='word_1_20' title='bbox 1207 425 1246 456; x_wconf 75' lang='lat' dir='ltr'><strong>te</strong></span> <span class='ocrx_word' id='word_1_21' title='bbox 1268 415 1357 457; x_wconf 84' lang='lat' dir='ltr'><strong>fons</strong></span> <span class='ocrx_word' id='word_1_22' title='bbox 1371 432 1486 472; x_wconf 66' lang='lat' dir='ltr'><strong>aquae</strong></span> 
     </span>
     <span class='ocr_line' id='line_1_4' title="bbox 138 483 1481 542; baseline 0.004 -20"><span class='ocrx_word' id='word_1_23' title='bbox 138 483 318 523; x_wconf 82' lang='lat' dir='ltr'><strong>salientis</strong></span> <span class='ocrx_word' id='word_1_24' title='bbox 339 483 379 523; x_wconf 89' lang='lat' dir='ltr'><strong>in</strong></span> <span class='ocrx_word' id='word_1_25' title='bbox 401 483 528 524; x_wconf 79' lang='lat' dir='ltr'><strong>vitam</strong></span> <span class='ocrx_word' id='word_1_26' title='bbox 545 484 785 525; x_wconf 51' lang='lat' dir='ltr'><strong>internam&amp;</strong></span> <span class='ocrx_word' id='word_1_27' title='bbox 813 483 932 532; x_wconf 74' lang='lat' dir='ltr'><strong>Vale,</strong></span> <span class='ocrx_word' id='word_1_28' title='bbox 959 492 1001 525; x_wconf 86' lang='lat' dir='ltr'><strong>et</strong></span> <span class='ocrx_word' id='word_1_29' title='bbox 1032 499 1107 526; x_wconf 83' lang='lat' dir='ltr'><strong>nos</strong></span> <span class='ocrx_word' id='word_1_30' title='bbox 1133 493 1179 526; x_wconf 90' lang='lat' dir='ltr'><strong>ut</strong></span> <span class='ocrx_word' id='word_1_31' title='bbox 1195 484 1304 527; x_wconf 86' lang='lat' dir='ltr'><strong>filius</strong></span> <span class='ocrx_word' id='word_1_32' title='bbox 1327 486 1450 542; x_wconf 81' lang='lat' dir='ltr'><strong>dilige</strong></span> <span class='ocrx_word' id='word_1_33' title='bbox 1469 517 1481 534; x_wconf 93' lang='lat'><em>‚</em></span> 
     </span>
     <span class='ocr_line' id='line_1_5' title="bbox 139 552 921 610; baseline 0.004 -17"><span class='ocrx_word' id='word_1_34' title='bbox 139 552 235 608; x_wconf 87' lang='lat' dir='ltr'><strong>quia</strong></span> <span class='ocrx_word' id='word_1_35' title='bbox 258 567 332 594; x_wconf 91' lang='lat' dir='ltr'><strong>nos</strong></span> <span class='ocrx_word' id='word_1_36' title='bbox 353 561 393 594; x_wconf 85' lang='lat' dir='ltr'><strong>te</strong></span> <span class='ocrx_word' id='word_1_37' title='bbox 417 562 462 594; x_wconf 89' lang='lat' dir='ltr'><strong>ut</strong></span> <span class='ocrx_word' id='word_1_38' title='bbox 484 562 677 610; x_wconf 85' lang='lat' dir='ltr'><strong>parentes</strong></span> <span class='ocrx_word' id='word_1_39' title='bbox 695 553 921 609; x_wconf 80' lang='lat' dir='ltr'><strong>diligimus.</strong></span> 
     </span>
    </p>
   </div>
   <div class='ocr_carea' id='block_1_3' title="bbox 137 719 1490 736">
    <p class='ocr_par' dir='ltr' id='par_1_3' title="bbox 137 719 1490 736">
     <span class='ocr_line' id='line_1_6' title="bbox 137 719 1490 736; baseline 0.004 -5"><span class='ocrx_word' id='word_1_40' title='bbox 137 719 245 732; x_wconf 53' lang='lat' dir='ltr'><strong>mxv</strong></span> <span class='ocrx_word' id='word_1_41' title='bbox 261 721 505 733; x_wconf 50' lang='lat' dir='ltr'><strong>sssmvmanzn</strong></span> <span class='ocrx_word' id='word_1_42' title='bbox 512 722 750 733; x_wconf 51' lang='lat' dir='ltr'><strong>sxswmns</strong></span> <span class='ocrx_word' id='word_1_43' title='bbox 756 723 1185 736; x_wconf 50' lang='lat' dir='ltr'><strong>muaessutmmnmw-</strong></span> <span class='ocrx_word' id='word_1_44' title='bbox 1191 725 1246 736; x_wconf 60' lang='lat' dir='ltr'><strong>§M</strong></span> <span class='ocrx_word' id='word_1_45' title='bbox 1252 725 1364 736; x_wconf 51' lang='lat' dir='ltr'><strong>§nassa</strong></span> <span class='ocrx_word' id='word_1_46' title='bbox 1372 726 1490 736; x_wconf 49' lang='grc' dir='ltr'><strong>-ι-Ἇιεπ</strong></span> 
     </span>
    </p>
   </div>
   <div class='ocr_carea' id='block_1_4' title="bbox 580 832 1057 877">
    <p class='ocr_par' dir='ltr' id='par_1_4' title="bbox 580 832 1057 877">
     <span class='ocr_line' id='line_1_7' title="bbox 580 832 1057 877; baseline 0.004 -2"><span class='ocrx_word' id='word_1_47' title='bbox 580 833 845 876; x_wconf 89' lang='lat' dir='ltr'><strong>EPISTOLA</strong></span> <span class='ocrx_word' id='word_1_48' title='bbox 877 832 1011 877; x_wconf 90' lang='lat' dir='ltr'><strong>XXX</strong></span> <span class='ocrx_word' id='word_1_49' title='bbox 1027 833 1057 877; x_wconf 86' lang='lat'><strong>².</strong></span> 
     </span>
    </p>
   </div>
   <div class='ocr_carea' id='block_1_5' title="bbox 140 964 1494 1372">
    <p class='ocr_par' dir='ltr' id='par_1_5' title="bbox 140 964 1494 1372">
     <span class='ocr_line' id='line_1_8' title="bbox 140 964 1489 1023; baseline 0 -16"><span class='ocrx_word' id='word_1_50' title='bbox 140 965 273 1007; x_wconf 78' lang='lat' dir='ltr'><strong>Docet</strong></span> <span class='ocrx_word' id='word_1_51' title='bbox 292 980 382 1006; x_wconf 78' lang='lat' dir='ltr'><strong>non</strong></span> <span class='ocrx_word' id='word_1_52' title='bbox 404 964 700 1008; x_wconf 73' lang='lat' dir='ltr'><strong>habitandum</strong></span> <span class='ocrx_word' id='word_1_53' title='bbox 721 968 770 1008; x_wconf 77' lang='lat' dir='ltr'><strong>in</strong></span> <span class='ocrx_word' id='word_1_54' title='bbox 795 967 896 1008; x_wconf 80' lang='lat' dir='ltr'><strong>locis</strong></span> <span class='ocrx_word' id='word_1_55' title='bbox 915 967 1126 1023; x_wconf 73' lang='lat' dir='ltr'><strong>depressis</strong></span> <span class='ocrx_word' id='word_1_56' title='bbox 1147 981 1266 1008; x_wconf 77' lang='lat' dir='ltr'><strong>more</strong></span> <span class='ocrx_word' id='word_1_57' title='bbox 1288 967 1489 1009; x_wconf 77' lang='lat' dir='ltr'><strong>luxurio-</strong></span> 
     </span>
     <span class='ocr_line' id='line_1_9' title="bbox 197 1035 1488 1089; baseline 0.001 -13"><span class='ocrx_word' id='word_1_58' title='bbox 197 1050 344 1076; x_wconf 72' lang='lat' dir='ltr'><strong>sorum</strong></span> <span class='ocrx_word' id='word_1_59' title='bbox 359 1069 368 1084; x_wconf 96' lang='lat'>‚</span> <span class='ocrx_word' id='word_1_60' title='bbox 386 1035 459 1076; x_wconf 75' lang='lat' dir='ltr'><strong>sed</strong></span> <span class='ocrx_word' id='word_1_61' title='bbox 479 1046 732 1077; x_wconf 74' lang='lat' dir='ltr'><strong>sanctorum</strong></span> <span class='ocrx_word' id='word_1_62' title='bbox 756 1039 899 1089; x_wconf 65' lang='lat' dir='ltr'><strong>instar</strong></span> <span class='ocrx_word' id='word_1_63' title='bbox 924 1038 973 1077; x_wconf 80' lang='lat' dir='ltr'><strong>in</strong></span> <span class='ocrx_word' id='word_1_64' title='bbox 991 1038 1252 1078; x_wconf 73' lang='lat' dir='ltr'><strong>editioribus</strong></span> <span class='ocrx_word' id='word_1_65' title='bbox 1268 1069 1278 1084; x_wconf 94' lang='lat'>‚</span> <span class='ocrx_word' id='word_1_66' title='bbox 1298 1037 1370 1077; x_wconf 79' lang='lat' dir='ltr'><strong>ubi</strong></span> <span class='ocrx_word' id='word_1_67' title='bbox 1387 1037 1488 1077; x_wconf 64' lang='lat' dir='ltr'><strong>cucii-</strong></span> 
     </span>
     <span class='ocr_line' id='line_1_10' title="bbox 188 1096 1491 1164; baseline 0 -18"><span class='ocrx_word' id='word_1_68' title='bbox 188 1106 423 1161; x_wconf 79' lang='lat' dir='ltr'><strong>ficamlum</strong></span> <span class='ocrx_word' id='word_1_69' title='bbox 445 1117 503 1148; x_wconf 75' lang='lat' dir='ltr'><strong>est</strong></span> <span class='ocrx_word' id='word_1_70' title='bbox 525 1108 739 1160; x_wconf 72' lang='lat' dir='ltr'><strong>templum</strong></span> <span class='ocrx_word' id='word_1_71' title='bbox 770 1096 964 1149; x_wconf 80' lang='lat' dir='ltr'><strong>Domino</strong></span> <span class='ocrx_word' id='word_1_72' title='bbox 986 1139 995 1157; x_wconf 92' lang='lat'>,</span> <span class='ocrx_word' id='word_1_73' title='bbox 1027 1108 1188 1149; x_wconf 76' lang='lat' dir='ltr'><strong>scilicet</strong></span> <span class='ocrx_word' id='word_1_74' title='bbox 1213 1108 1260 1147; x_wconf 78' lang='lat' dir='ltr'><strong>in</strong></span> <span class='ocrx_word' id='word_1_75' title='bbox 1293 1107 1491 1164; x_wconf 77' lang='lat' dir='ltr'><strong>propriis</strong></span> 
     </span>
     <span class='ocr_line' id='line_1_11' title="bbox 198 1176 1494 1234; baseline 0.002 -19"><span class='ocrx_word' id='word_1_76' title='bbox 198 1176 413 1217; x_wconf 74' lang='lat' dir='ltr'><strong>‘mentibus</strong></span> <span class='ocrx_word' id='word_1_77' title='bbox 429 1193 455 1217; x_wconf 82' lang='lat' dir='ltr'><strong><em>a</em></strong></span> <span class='ocrx_word' id='word_1_78' title='bbox 474 1178 710 1218; x_wconf 66' lang='lat' dir='ltr'><strong>lzcoezcriosis</strong></span> <span class='ocrx_word' id='word_1_79' title='bbox 732 1192 821 1217; x_wconf 74' lang='lat' dir='ltr'><strong>non</strong></span> <span class='ocrx_word' id='word_1_80' title='bbox 843 1178 1064 1234; x_wconf 62' lang='lat' dir='ltr'><strong>aedificari</strong></span> <span class='ocrx_word' id='word_1_81' title='bbox 1080 1176 1157 1217; x_wconf 77' lang='lat' dir='ltr'><strong>hoo</strong></span> <span class='ocrx_word' id='word_1_82' title='bbox 1179 1178 1402 1231; x_wconf 71' lang='lat' dir='ltr'><strong>templum,</strong></span> <span class='ocrx_word' id='word_1_83' title='bbox 1424 1191 1494 1217; x_wconf 76' lang='lat' dir='ltr'><strong>aa·</strong></span> 
     </span>
     <span class='ocr_line' id='line_1_12' title="bbox 190 1245 1490 1303; baseline 0.001 -18"><span class='ocrx_word' id='word_1_84' title='bbox 190 1247 269 1300; x_wconf 82' lang='lat' dir='ltr'><strong>jus</strong></span> <span class='ocrx_word' id='word_1_85' title='bbox 290 1245 522 1303; x_wconf 71' lang='lat' dir='ltr'><strong>sitscigium</strong></span> <span class='ocrx_word' id='word_1_86' title='bbox 538 1247 758 1301; x_wconf 68' lang='lat' dir='ltr'><strong>(equitatis</strong></span> <span class='ocrx_word' id='word_1_87' title='bbox 782 1263 857 1303; x_wconf 79' lang='lat' dir='ltr'><strong>ope</strong></span> <span class='ocrx_word' id='word_1_88' title='bbox 873 1249 1097 1288; x_wconf 75' lang='lat' dir='ltr'><strong>metimur.</strong></span> <span class='ocrx_word' id='word_1_89' title='bbox 1129 1247 1326 1298; x_wconf 77' lang='lat' dir='ltr'><strong>Quinam</strong></span> <span class='ocrx_word' id='word_1_90' title='bbox 1351 1246 1490 1301; x_wconf 76' lang='lat' dir='ltr'><strong>sepul-</strong></span> 
     </span>
     <span class='ocr_line' id='line_1_13' title="bbox 201 1316 1488 1372; baseline 0.001 -18"><span class='ocrx_word' id='word_1_91' title='bbox 201 1330 276 1355; x_wconf 81' lang='lat' dir='ltr'><strong>cra</strong></span> <span class='ocrx_word' id='word_1_92' title='bbox 294 1325 515 1372; x_wconf 70' lang='lat' dir='ltr'><strong>negantur</strong></span> <span class='ocrx_word' id='word_1_93' title='bbox 528 1316 802 1357; x_wconf 65' lang='lat' dir='ltr'><strong>sibieondaro</strong></span> <span class='ocrx_word' id='word_1_94' title='bbox 814 1350 824 1367; x_wconf 86' lang='grc'>,</span> <span class='ocrx_word' id='word_1_95' title='bbox 838 1327 875 1357; x_wconf 77' lang='lat' dir='ltr'><strong>et</strong></span> <span class='ocrx_word' id='word_1_96' title='bbox 887 1318 1116 1358; x_wconf 75' lang='lat' dir='ltr'><strong>ascendere</strong></span> <span class='ocrx_word' id='word_1_97' title='bbox 1130 1317 1177 1356; x_wconf 83' lang='lat' dir='ltr'><strong>in</strong></span> <span class='ocrx_word' id='word_1_98' title='bbox 1196 1317 1293 1357; x_wconf 80' lang='lat' dir='ltr'><strong>dom</strong></span> <span class='ocrx_word' id='word_1_99' title='bbox 1303 1331 1373 1356; x_wconf 77' lang='lat' dir='ltr'><strong>um</strong></span> <span class='ocrx_word' id='word_1_100' title='bbox 1388 1317 1488 1363; x_wconf 76' lang='lat' dir='ltr'><strong>Dei,-</strong></span> 
     </span>
    </p>
   </div>
   <div class='ocr_carea' id='block_1_6' title="bbox 199 1385 1490 1496">
    <p class='ocr_par' dir='ltr' id='par_1_6' title="bbox 199 1385 1490 1496">
     <span class='ocr_line' id='line_1_14' title="bbox 199 1385 1490 1440; baseline 0.001 -16"><span class='ocrx_word' id='word_1_101' title='bbox 199 1399 335 1438; x_wconf 75' lang='lat' dir='ltr'><strong>quove</strong></span> <span class='ocrx_word' id='word_1_102' title='bbox 362 1395 489 1440; x_wconf 76' lang='lat' dir='ltr'><strong>pacto</strong></span> <span class='ocrx_word' id='word_1_103' title='bbox 511 1385 571 1425; x_wconf 79' lang='lat' dir='ltr'><strong>ad</strong></span> <span class='ocrx_word' id='word_1_104' title='bbox 601 1387 853 1426; x_wconf 74' lang='lat' dir='ltr'><em>struendam</em></span> <span class='ocrx_word' id='word_1_105' title='bbox 872 1401 968 1426; x_wconf 81' lang='lat' dir='ltr'><strong>eam</strong></span> <span class='ocrx_word' id='word_1_106' title='bbox 992 1401 1077 1440; x_wconf 79' lang='lat' dir='ltr'><strong>qua</strong></span> <span class='ocrx_word' id='word_1_107' title='bbox 1094 1386 1254 1433; x_wconf 79' lang='lat' dir='ltr'><strong>minis,</strong></span> <span class='ocrx_word' id='word_1_108' title='bbox 1278 1400 1363 1439; x_wconf 70' lang='lat' dir='ltr'><strong>qua</strong></span> <span class='ocrx_word' id='word_1_109' title='bbox 1392 1399 1490 1440; x_wconf 78' lang='lat' dir='ltr'><strong>pro-</strong></span> 
     </span>
     <span class='ocr_line' id='line_1_15' title="bbox 199 1455 638 1496; baseline 0.002 -2"><span class='ocrx_word' id='word_1_110' title='bbox 199 1455 343 1495; x_wconf 80' lang='lat' dir='ltr'><strong>missis</strong></span> <span class='ocrx_word' id='word_1_111' title='bbox 355 1455 638 1496; x_wconf 70' lang='lat' dir='ltr'><strong>excitantur?</strong></span> 
     </span>
    </p>
   </div>
   <div class='ocr_carea' id='block_1_7' title="bbox 496 1589 1131 1632">
    <p class='ocr_par' dir='ltr' id='par_1_7' title="bbox 496 1589 1131 1632">
     <span class='ocr_line' id='line_1_16' title="bbox 496 1589 1131 1632; baseline 0.002 -2"><span class='ocrx_word' id='word_1_112' title='bbox 496 1589 743 1631; x_wconf 85' lang='lat' dir='ltr'><strong>Ambrosius</strong></span> <span class='ocrx_word' id='word_1_113' title='bbox 764 1590 922 1632; x_wconf 81' lang='lat' dir='ltr'><strong>Irenaeo</strong></span> <span class='ocrx_word' id='word_1_114' title='bbox 941 1590 1131 1632; x_wconf 85' lang='lat' dir='ltr'><strong>salutem.</strong></span> 
     </span>
    </p>
   </div>
   <div class='ocr_carea' id='block_1_8' title="bbox 144 1723 1501 2554">
    <p class='ocr_par' dir='ltr' id='par_1_8' title="bbox 144 1723 1501 2554">
     <span class='ocr_line' id='line_1_17' title="bbox 201 1723 1493 1782; baseline -0.001 -14"><span class='ocrx_word' id='word_1_115' title='bbox 201 1727 230 1768; x_wconf 91' lang='grc' dir='ltr'><strong>Ι.</strong></span> <span class='ocrx_word' id='word_1_116' title='bbox 272 1728 348 1768; x_wconf 73' lang='lat' dir='ltr'><strong>Um</strong></span> <span class='ocrx_word' id='word_1_117' title='bbox 388 1725 646 1782; x_wconf 83' lang='lat' dir='ltr'><strong>superiorem</strong></span> <span class='ocrx_word' id='word_1_118' title='bbox 669 1724 827 1765; x_wconf 88' lang='lat' dir='ltr'><strong>absolvi</strong></span> <span class='ocrx_word' id='word_1_119' title='bbox 849 1723 1096 1781; x_wconf 72' lang='lat' dir='ltr'><strong>epistolam,</strong></span> <span class='ocrx_word' id='word_1_120' title='bbox 1128 1731 1168 1765; x_wconf 83' lang='lat' dir='ltr'><strong>et:</strong></span> <span class='ocrx_word' id='word_1_121' title='bbox 1201 1724 1493 1780; x_wconf 69' lang='lat' dir='ltr'><strong>perferendam</strong></span> 
     </span>
     <span class='ocr_line' id='line_1_18' title="bbox 144 1794 1493 1849; baseline -0.001 -13"><span class='ocrx_word' id='word_1_122' title='bbox 144 1794 219 1836; x_wconf 90' lang='lat' dir='ltr'><strong>tibi</strong></span> <span class='ocrx_word' id='word_1_123' title='bbox 241 1796 408 1842; x_wconf 77' lang='lat' dir='ltr'><strong>tradidi,</strong></span> <span class='ocrx_word' id='word_1_124' title='bbox 428 1795 541 1836; x_wconf 83' lang='lat' dir='ltr'><strong>venit</strong></span> <span class='ocrx_word' id='word_1_125' title='bbox 561 1795 614 1835; x_wconf 89' lang='lat' dir='ltr'><strong>im</strong></span> <span class='ocrx_word' id='word_1_126' title='bbox 633 1803 817 1835; x_wconf 82' lang='lat' dir='ltr'><strong>mentem</strong></span> <span class='ocrx_word' id='word_1_127' title='bbox 841 1794 941 1834; x_wconf 87' lang='lat' dir='ltr'><strong>illud</strong></span> <span class='ocrx_word' id='word_1_128' title='bbox 955 1795 1068 1849; x_wconf 85' lang='lat' dir='ltr'><strong>quod</strong></span> <span class='ocrx_word' id='word_1_129' title='bbox 1085 1794 1288 1835; x_wconf 84' lang='lat' dir='ltr'><strong>Dominus</strong></span> <span class='ocrx_word' id='word_1_130' title='bbox 1303 1794 1343 1835; x_wconf 91' lang='lat' dir='ltr'><strong>in</strong></span> <span class='ocrx_word' id='word_1_131' title='bbox 1365 1810 1493 1835; x_wconf 80' lang='lat' dir='ltr'><strong>[nanu</strong></span> 
     </span>
     <span class='ocr_line' id='line_1_19' title="bbox 144 1863 1490 1921; baseline -0.002 -14"><span class='ocrx_word' id='word_1_132' title='bbox 144 1866 282 1921; x_wconf 72' lang='lat' dir='ltr'><strong>Aggaei</strong></span> <span class='ocrx_word' id='word_1_133' title='bbox 308 1866 523 1921; x_wconf 69' lang='lat' dir='ltr'><strong>proplietae</strong></span> <span class='ocrx_word' id='word_1_134' title='bbox 544 1866 710 1905; x_wconf 90' lang='lat' dir='ltr'><strong>locutus</strong></span> <span class='ocrx_word' id='word_1_135' title='bbox 733 1873 795 1905; x_wconf 89' lang='lat' dir='ltr'><strong>est</strong></span> <span class='ocrx_word' id='word_1_136' title='bbox 814 1864 956 1905; x_wconf 85' lang='lat' dir='ltr'><strong>dicens</strong></span> <span class='ocrx_word' id='word_1_137' title='bbox 976 1879 984 1904; x_wconf 92' lang='lat'><strong>:</strong></span> <span class='ocrx_word' id='word_1_138' title='bbox 1003 1883 1016 1899; x_wconf 79' lang='grc' dir='ltr'><strong>«ι</strong></span> <span class='ocrx_word' id='word_1_139' title='bbox 1036 1863 1077 1904; x_wconf 89' lang='lat' dir='ltr'><strong>Si</strong></span> <span class='ocrx_word' id='word_1_140' title='bbox 1098 1872 1261 1920; x_wconf 86' lang='lat' dir='ltr'><strong>tempus</strong></span> <span class='ocrx_word' id='word_1_141' title='bbox 1285 1864 1399 1904; x_wconf 88' lang='lat' dir='ltr'><strong>vobis</strong></span> <span class='ocrx_word' id='word_1_142' title='bbox 1413 1872 1490 1912; x_wconf 81' lang='lat' dir='ltr'><strong>est,</strong></span> 
     </span>
     <span class='ocr_line' id='line_1_20' title="bbox 144 1934 1488 1991; baseline 0 -16"><span class='ocrx_word' id='word_1_143' title='bbox 144 1954 159 1975; x_wconf 67' lang='lat' dir='ltr'><strong>n</strong></span> <span class='ocrx_word' id='word_1_144' title='bbox 175 1946 220 1977; x_wconf 87' lang='lat' dir='ltr'><strong>nt</strong></span> <span class='ocrx_word' id='word_1_145' title='bbox 240 1936 435 1977; x_wconf 87' lang='lat' dir='ltr'><strong>habitetis</strong></span> <span class='ocrx_word' id='word_1_146' title='bbox 455 1936 494 1976; x_wconf 88' lang='lat' dir='ltr'><strong>in</strong></span> <span class='ocrx_word' id='word_1_147' title='bbox 513 1936 708 1976; x_wconf 83' lang='lat' dir='ltr'><strong>domibus</strong></span> <span class='ocrx_word' id='word_1_148' title='bbox 730 1935 882 1976; x_wconf 73' lang='lat' dir='ltr'><strong>caelatis</strong></span> <span class='ocrx_word' id='word_1_149' title='bbox 897 1934 909 1955; x_wconf 79' lang='lat'>³</span> <span class='ocrx_word' id='word_1_150' title='bbox 935 1934 976 1975; x_wconf 78' lang='lat' dir='ltr'><strong>P»</strong></span> <span class='ocrx_word' id='word_1_151' title='bbox 997 1934 1112 1985; x_wconf 88' lang='lat' dir='ltr'><strong>Quid</strong></span> <span class='ocrx_word' id='word_1_152' title='bbox 1132 1950 1231 1991; x_wconf 80' lang='lat' dir='ltr'><strong>ergo</strong></span> <span class='ocrx_word' id='word_1_153' title='bbox 1256 1935 1367 1975; x_wconf 78' lang='lat' dir='ltr'><strong>istud</strong></span> <span class='ocrx_word' id='word_1_154' title='bbox 1398 1943 1488 1983; x_wconf 85' lang='lat' dir='ltr'><strong>est,</strong></span> 
     </span>
     <span class='ocr_line' id='line_1_21' title="bbox 145 2004 1494 2062; baseline -0.001 -15"><span class='ocrx_word' id='word_1_155' title='bbox 145 2006 222 2047; x_wconf 89' lang='lat' dir='ltr'><strong>nisi</strong></span> <span class='ocrx_word' id='word_1_156' title='bbox 258 2006 298 2046; x_wconf 89' lang='lat' dir='ltr'><strong>in</strong></span> <span class='ocrx_word' id='word_1_157' title='bbox 327 2006 613 2062; x_wconf 83' lang='lat' dir='ltr'><strong>superioribus</strong></span> <span class='ocrx_word' id='word_1_158' title='bbox 650 2005 926 2046; x_wconf 86' lang='lat' dir='ltr'><strong>habitandum</strong></span> <span class='ocrx_word' id='word_1_159' title='bbox 944 2036 954 2051; x_wconf 92' lang='lat'>‚</span> <span class='ocrx_word' id='word_1_160' title='bbox 979 2019 1063 2045; x_wconf 87' lang='lat' dir='ltr'><strong>non</strong></span> <span class='ocrx_word' id='word_1_161' title='bbox 1098 2004 1138 2045; x_wconf 88' lang='lat' dir='ltr'><strong>in</strong></span> <span class='ocrx_word' id='word_1_162' title='bbox 1163 2005 1427 2045; x_wconf 75' lang='lat' dir='ltr'><strong>vallestribus</strong></span> <span class='ocrx_word' id='word_1_163' title='bbox 1452 2013 1494 2046; x_wconf 86' lang='lat' dir='ltr'><strong>et</strong></span> 
     </span>
     <span class='ocr_line' id='line_1_22' title="bbox 145 2074 1491 2125; baseline -0.001 -8"><span class='ocrx_word' id='word_1_164' title='bbox 145 2076 427 2118; x_wconf 69' lang='lat' dir='ltr'><strong>subterraneis</strong></span> <span class='ocrx_word' id='word_1_165' title='bbox 452 2075 736 2117; x_wconf 79' lang='lat' dir='ltr'><strong>habitaculis?</strong></span> <span class='ocrx_word' id='word_1_166' title='bbox 759 2076 841 2125; x_wconf 86' lang='lat' dir='ltr'><strong>Qui</strong></span> <span class='ocrx_word' id='word_1_167' title='bbox 865 2074 975 2116; x_wconf 90' lang='lat' dir='ltr'><strong>enim</strong></span> <span class='ocrx_word' id='word_1_168' title='bbox 991 2075 1097 2116; x_wconf 82' lang='lat' dir='ltr'><strong>inl&#39;ra</strong></span> <span class='ocrx_word' id='word_1_169' title='bbox 1117 2083 1269 2115; x_wconf 85' lang='lat' dir='ltr'><strong>terram</strong></span> <span class='ocrx_word' id='word_1_170' title='bbox 1283 2074 1491 2123; x_wconf 85' lang='lat' dir='ltr'><strong>habitant,</strong></span> 
     </span>
     <span class='ocr_line' id='line_1_23' title="bbox 146 2144 1494 2202; baseline 0 -16"><span class='ocrx_word' id='word_1_171' title='bbox 146 2161 228 2186; x_wconf 86' lang='lat' dir='ltr'><strong>non</strong></span> <span class='ocrx_word' id='word_1_172' title='bbox 243 2154 416 2202; x_wconf 78' lang='lat' dir='ltr'><strong>possunt</strong></span> <span class='ocrx_word' id='word_1_173' title='bbox 435 2144 644 2186; x_wconf 65' lang='lat' dir='ltr'><strong>aedificare</strong></span> <span class='ocrx_word' id='word_1_174' title='bbox 663 2146 868 2200; x_wconf 85' lang='lat' dir='ltr'><strong>templum</strong></span> <span class='ocrx_word' id='word_1_175' title='bbox 892 2144 981 2193; x_wconf 86' lang='lat' dir='ltr'><strong>Dei,</strong></span> <span class='ocrx_word' id='word_1_176' title='bbox 997 2154 1037 2185; x_wconf 90' lang='lat' dir='ltr'><strong>et</strong></span> <span class='ocrx_word' id='word_1_177' title='bbox 1056 2144 1224 2186; x_wconf 87' lang='lat' dir='ltr'><strong>dicunt:</strong></span> <span class='ocrx_word' id='word_1_178' title='bbox 1245 2145 1362 2186; x_wconf 85' lang='lat' dir='ltr'><strong>«Non</strong></span> <span class='ocrx_word' id='word_1_179' title='bbox 1381 2145 1494 2186; x_wconf 77' lang='lat' dir='ltr'><strong>venit</strong></span> 
     </span>
     <span class='ocr_line' id='line_1_24' title="bbox 147 2215 1498 2272; baseline 0.001 -17"><span class='ocrx_word' id='word_1_180' title='bbox 147 2225 342 2272; x_wconf 78' lang='lat' dir='ltr'><strong>»tempus</strong></span> <span class='ocrx_word' id='word_1_181' title='bbox 365 2224 408 2256; x_wconf 88' lang='lat' dir='ltr'><strong>ut</strong></span> <span class='ocrx_word' id='word_1_182' title='bbox 431 2215 661 2256; x_wconf 71' lang='lat' dir='ltr'><strong>:edificetur</strong></span> <span class='ocrx_word' id='word_1_183' title='bbox 679 2216 828 2256; x_wconf 86' lang='lat' dir='ltr'><strong>domus</strong></span> <span class='ocrx_word' id='word_1_184' title='bbox 851 2215 1089 2261; x_wconf 66' lang='lat' dir='ltr'><strong>Domini⁶;»</strong></span> <span class='ocrx_word' id='word_1_185' title='bbox 1115 2215 1239 2256; x_wconf 88' lang='lat' dir='ltr'><strong>simul</strong></span> <span class='ocrx_word' id='word_1_186' title='bbox 1259 2216 1352 2271; x_wconf 84' lang='lat' dir='ltr'><strong>quia</strong></span> <span class='ocrx_word' id='word_1_187' title='bbox 1372 2217 1498 2256; x_wconf 86' lang='lat' dir='ltr'><strong>luxu-</strong></span> 
     </span>
     <span class='ocr_line' id='line_1_25' title="bbox 148 2286 1499 2342; baseline 0.001 -15"><span class='ocrx_word' id='word_1_188' title='bbox 148 2287 354 2327; x_wconf 85' lang='lat' dir='ltr'><strong>riosorum</strong></span> <span class='ocrx_word' id='word_1_189' title='bbox 379 2295 440 2327; x_wconf 78' lang='lat' dir='ltr'><strong>ost:</strong></span> <span class='ocrx_word' id='word_1_190' title='bbox 471 2286 669 2342; x_wconf 80' lang='lat' dir='ltr'><strong>hypogaea</strong></span> <span class='ocrx_word' id='word_1_191' title='bbox 701 2287 1046 2342; x_wconf 65' lang='lat' dir='ltr'><strong>quaerere(147)‚</strong></span> <span class='ocrx_word' id='word_1_192' title='bbox 1077 2286 1333 2342; x_wconf 77' lang='lat' dir='ltr'><strong>captantium</strong></span> <span class='ocrx_word' id='word_1_193' title='bbox 1370 2286 1499 2342; x_wconf 81' lang='lat' dir='ltr'><strong>frigus</strong></span> 
     </span>
     <span class='ocr_line' id='line_1_26' title="bbox 148 2356 1498 2412; baseline 0.001 -15"><span class='ocrx_word' id='word_1_194' title='bbox 148 2357 362 2404; x_wconf 77' lang='lat' dir='ltr'><strong>aestivum,</strong></span> <span class='ocrx_word' id='word_1_195' title='bbox 392 2371 441 2397; x_wconf 88' lang='lat' dir='ltr'><strong>eo</strong></span> <span class='ocrx_word' id='word_1_196' title='bbox 464 2358 578 2412; x_wconf 88' lang='lat' dir='ltr'><strong>quod</strong></span> <span class='ocrx_word' id='word_1_197' title='bbox 603 2357 775 2398; x_wconf 83' lang='lat' dir='ltr'><strong>resoluti</strong></span> <span class='ocrx_word' id='word_1_198' title='bbox 811 2357 969 2397; x_wconf 86' lang='lat' dir='ltr'><strong>deliciis</strong></span> <span class='ocrx_word' id='word_1_199' title='bbox 1001 2365 1123 2397; x_wconf 82' lang='lat' dir='ltr'><strong>aestus</strong></span> <span class='ocrx_word' id='word_1_200' title='bbox 1154 2356 1273 2397; x_wconf 85' lang='lat' dir='ltr'><strong>aliter</strong></span> <span class='ocrx_word' id='word_1_201' title='bbox 1307 2356 1414 2397; x_wconf 81' lang='lat' dir='ltr'><strong>serre</strong></span> <span class='ocrx_word' id='word_1_202' title='bbox 1451 2371 1498 2398; x_wconf 87' lang='lat' dir='ltr'><strong>ac</strong></span> 
     </span>
     <span class='ocr_line' id='line_1_27' title="bbox 150 2426 1494 2482; baseline -0.001 -14"><span class='ocrx_word' id='word_1_203' title='bbox 150 2428 328 2468; x_wconf 82' lang='lat' dir='ltr'><strong>tolerare</strong></span> <span class='ocrx_word' id='word_1_204' title='bbox 350 2442 432 2467; x_wconf 91' lang='lat' dir='ltr'><strong>non</strong></span> <span class='ocrx_word' id='word_1_205' title='bbox 452 2434 622 2482; x_wconf 70' lang='lat' dir='ltr'><strong>queant,</strong></span> <span class='ocrx_word' id='word_1_206' title='bbox 638 2436 679 2467; x_wconf 88' lang='lat' dir='ltr'><strong>et</strong></span> <span class='ocrx_word' id='word_1_207' title='bbox 693 2427 784 2467; x_wconf 86' lang='lat' dir='ltr'><strong>ideo</strong></span> <span class='ocrx_word' id='word_1_208' title='bbox 804 2427 1017 2482; x_wconf 82' lang='lat' dir='ltr'><strong>requirant</strong></span> <span class='ocrx_word' id='word_1_209' title='bbox 1034 2426 1230 2467; x_wconf 83' lang='lat' dir='ltr'><strong>umbrosa</strong></span> <span class='ocrx_word' id='word_1_210' title='bbox 1246 2427 1469 2482; x_wconf 82' lang='lat' dir='ltr'><strong>penetralia</strong></span> <span class='ocrx_word' id='word_1_211' title='bbox 1483 2460 1494 2475; x_wconf 93' lang='lat'><strong>,</strong></span> 
     </span>
     <span class='ocr_line' id='line_1_28' title="bbox 150 2496 1501 2554; baseline -0.001 -16"><span class='ocrx_word' id='word_1_212' title='bbox 150 2498 215 2539; x_wconf 90' lang='lat' dir='ltr'><strong>vel</strong></span> <span class='ocrx_word' id='word_1_213' title='bbox 235 2499 348 2553; x_wconf 90' lang='lat' dir='ltr'><strong>quod</strong></span> <span class='ocrx_word' id='word_1_214' title='bbox 365 2497 560 2539; x_wconf 89' lang='lat' dir='ltr'><strong>desidiosi</strong></span> <span class='ocrx_word' id='word_1_215' title='bbox 580 2497 740 2554; x_wconf 80' lang='lat' dir='ltr'><strong>ignavia</strong></span> <span class='ocrx_word' id='word_1_216' title='bbox 762 2497 840 2539; x_wconf 89' lang='lat' dir='ltr'><strong>sub</strong></span> <span class='ocrx_word' id='word_1_217' title='bbox 864 2497 986 2539; x_wconf 86' lang='lat' dir='ltr'><strong>terris</strong></span> <span class='ocrx_word' id='word_1_218' title='bbox 1022 2505 1144 2554; x_wconf 82' lang='lat' dir='ltr'><strong>agant</strong></span> <span class='ocrx_word' id='word_1_219' title='bbox 1179 2496 1262 2538; x_wconf 89' lang='lat' dir='ltr'><strong>otia</strong></span> <span class='ocrx_word' id='word_1_220' title='bbox 1300 2511 1309 2537; x_wconf 89' lang='lat'><strong>:</strong></span> <span class='ocrx_word' id='word_1_221' title='bbox 1349 2496 1501 2538; x_wconf 80' lang='lat' dir='ltr'><strong>deinde</strong></span> 
     </span>
    </p>
   </div>
   <div class='ocr_carea' id='block_1_9' title="bbox 198 2587 1496 2633">
    <p class='ocr_par' dir='ltr' id='par_1_9' title="bbox 198 2587 1496 2633">
     <span class='ocr_line' id='line_1_29' title="bbox 198 2587 1496 2633; baseline -0.001 -10"><span class='ocrx_word' id='word_1_222' title='bbox 198 2598 207 2614; x_wconf 89' lang='lat'>¹</span> <span class='ocrx_word' id='word_1_223' title='bbox 228 2591 322 2624; x_wconf 83' lang='lat' dir='ltr'><strong>Joan.</strong></span> <span class='ocrx_word' id='word_1_224' title='bbox 343 2600 386 2627; x_wconf 78' lang='grc' dir='ltr'><strong>ιν,</strong></span> <span class='ocrx_word' id='word_1_225' title='bbox 403 2590 455 2629; x_wconf 73' lang='grc' dir='ltr'><strong>ιιί.</strong></span> <span class='ocrx_word' id='word_1_226' title='bbox 473 2607 513 2617; x_wconf 91' lang='grc'>-</span> <span class='ocrx_word' id='word_1_227' title='bbox 528 2599 541 2616; x_wconf 77' lang='lat'><strong>³</strong></span> <span class='ocrx_word' id='word_1_228' title='bbox 561 2589 688 2633; x_wconf 80' lang='lat' dir='ltr'><strong>Scripta</strong></span> <span class='ocrx_word' id='word_1_229' title='bbox 704 2589 788 2624; x_wconf 84' lang='lat' dir='ltr'><strong>circa</strong></span> <span class='ocrx_word' id='word_1_230' title='bbox 804 2600 881 2625; x_wconf 85' lang='lat' dir='ltr'><strong>ann.</strong></span> <span class='ocrx_word' id='word_1_231' title='bbox 897 2590 971 2630; x_wconf 81' lang='lat'>387.</span> <span class='ocrx_word' id='word_1_232' title='bbox 986 2606 1028 2616; x_wconf 91' lang='lat'><strong>--</strong></span> <span class='ocrx_word' id='word_1_233' title='bbox 1044 2591 1059 2614; x_wconf 81' lang='lat'>³</span> <span class='ocrx_word' id='word_1_234' title='bbox 1078 2590 1184 2632; x_wconf 80' lang='lat' dir='ltr'>Aggae.</span> <span class='ocrx_word' id='word_1_235' title='bbox 1197 2600 1222 2631; x_wconf 87' lang='lat'><strong>1,</strong></span> <span class='ocrx_word' id='word_1_236' title='bbox 1241 2588 1319 2627; x_wconf 80' lang='grc'><strong>4.-</strong></span> <span class='ocrx_word' id='word_1_237' title='bbox 1335 2591 1347 2616; x_wconf 81' lang='lat'><strong>⁴</strong></span> <span class='ocrx_word' id='word_1_238' title='bbox 1365 2587 1452 2622; x_wconf 89' lang='lat' dir='ltr'><strong>lbid.</strong></span> <span class='ocrx_word' id='word_1_239' title='bbox 1469 2599 1496 2622; x_wconf 81' lang='lat'><strong>2.</strong></span> 
     </span>
    </p>
   </div>
  </div>
 </body>
</html>
