1774 3158
295 237 379 280 388
842 250 874 278 s.
914 250 1110 279 AMBROSH

294 331 389 388 igne
424 329 736 372 examinatum¹
776 329 1039 387 eloquiorum
1076 330 1338 380 coelestium,
1378 340 1419 373 et
1455 332 1646 390 imaginis

293 400 417 457 regiae
433 400 657 456 pecuniam
673 400 927 456 populorum
943 401 1245 442 annumerabat
1264 400 1495 444 affectibus.
1515 402 1646 444 Nemo

292 471 384 527 plus
409 470 542 522 misit,
566 485 691 526 quam
716 470 789 526 qui
813 479 949 512 totum
975 471 1155 513 donavit.
1184 470 1368 513 Satiabat
1390 472 1643 521 esurientes,

290 541 481 597 replebat
504 540 651 597 inopes
667 573 677 589 ‚
702 540 967 582 illuminabat
993 555 1125 582 caecos
1141 573 1150 589 ‚
1180 541 1415 582 redimebat
1439 542 1645 598 captivos,

292 610 547 669 paralyticos
581 610 790 666 erigebat,
822 620 1011 652 mortuos
1048 611 1351 660 resuscitabat,
1386 620 1426 653 et
1452 612 1565 668 quod
1588 619 1650 652 est

294 682 495 738 amplius,
521 680 766 723 conserebat
790 681 1074 723 absolutiones
1103 695 1271 722 reorum
1289 714 1298 729 ,
1320 690 1490 739 peccata
1516 683 1649 723 dona-

292 752 378 793 bat.
404 751 503 793 llaee
526 759 623 793 sunt
654 752 737 792 duo
759 767 839 792 zera
855 784 865 799 ‚
887 766 978 807 quae
1002 751 1113 792 misit
1140 751 1326 792 Ecclesia
1342 784 1352 800 ,
1372 761 1647 808 posteaquam

294 822 455 879 accepit
479 837 499 863 a
521 820 702 863 Christo.
735 821 850 872 Quid
871 821 982 862 enim
1006 828 1102 861 sunt
1126 821 1207 862 duo
1229 836 1331 869 aera,
1358 822 1434 862 nisi
1464 822 1648 878 pretium

291 891 396 935 Novi
418 901 459 934 et
480 891 642 934 Veteris
659 891 945 933 Testamenti?
966 891 1150 933 Pretium
1177 890 1405 947 Scriptura:
1424 891 1527 933 fides
1550 907 1651 934 nos-

291 970 355 1003 tra
386 970 473 1009 est3
511 976 608 1003 nam
641 962 753 1016 quod
786 961 966 1017 legitur,
998 975 1075 1017 pro
1119 961 1388 1016 intelligentis
1419 961 1650 1003 :estimatur

295 1032 480 1074 arbitrio.
508 1031 714 1074 Remissio
749 1030 876 1087 igitur
907 1039 1183 1088 peccatorum
1218 1031 1435 1088 utriusque
1467 1032 1651 1089 pretium

292 1101 550 1145 Testamenti
572 1109 659 1149 est,
687 1115 778 1157 quae
797 1116 872 1157 per
889 1115 1042 1157 agnum
1063 1100 1103 1141 in
1124 1108 1222 1157 typo
1243 1102 1486 1144 annuntiata
1507 1110 1582 1151 est,
1610 1102 1650 1143 in

292 1173 467 1214 veritate
491 1173 698 1228 completa
723 1187 798 1228 per
821 1171 1051 1214 Christum.

352 1241 440 1284 VII.
481 1242 579 1283 Ideo
615 1241 743 1283 habes
785 1256 923 1297 neque
961 1250 1122 1297 septem
1157 1241 1321 1283 dierum
1355 1243 1652 1300 purgationem

292 1314 380 1356 sine
405 1313 530 1355 trium
551 1312 713 1353 dierum
738 1326 827 1353 esse
850 1310 1138 1368 purgatione2.
1170 1311 1341 1368 Septem
1364 1312 1526 1353 dierum
1551 1327 1655 1368 pur·

294 1384 404 1441 gatio
428 1384 660 1425 secundum
681 1380 882 1439 Legem&
908 1397 998 1438 quae
1022 1381 1062 1422 in
1088 1382 1228 1438 specie
1251 1382 1465 1438 praesentis
1490 1382 1654 1423 sabbati

293 1455 481 1512 spiritale
523 1454 745 1495 sabbatum
779 1453 1040 1494 annuntiavit
1066 1467 1076 1493 ε
1102 1453 1229 1493 trium
1264 1453 1427 1494 dierum
1461 1454 1655 1509 purgatio

294 1527 525 1569 secundum
549 1524 748 1581 gratiam,
771 1539 862 1579 quae
883 1523 1097 1579 Evangelii
1121 1522 1417 1565 testificatione
1436 1524 1652 1581 signatum

296 1598 390 1653 quia
417 1596 538 1638 tertio
577 1595 643 1636 dic
670 1594 875 1636 Dominus
903 1593 1175 1635 resur1·exit·'⁴.
1209 1594 1286 1634 [bi
1317 1610 1438 1651 poena
1463 1594 1656 1651 praescri-·

294 1669 434 1717 bitur,
466 1667 591 1709 debet
621 1681 710 1706 esse
748 1665 994 1722 poenitentia
1023 1674 1296 1720 peccatorum
1324 1679 1332 1704 :
1360 1665 1431 1706 ubi
1463 1665 1651 1706 remissio

295 1740 491 1786 donatur,
516 1737 645 1794 gratia
668 1745 743 1778 est.
772 1735 981 1777 Praececlit
997 1735 1245 1792 poenitentia
1264 1768 1274 1782 ,
1301 1736 1488 1791 sequitur
1507 1736 1650 1792 gratia.

294 1809 438 1866 Neque
459 1808 706 1866 poenitentia
731 1821 830 1863 ergo
857 1806 946 1847 sine
966 1806 1094 1862 gratia
1111 1839 1119 1853 ‚
1145 1820 1283 1861 neque
1306 1806 1437 1862 gratia
1463 1805 1550 1847 sine
1573 1821 1659 1862 poe-

297 1880 471 1922 nitentia
489 1896 498 1927 ;
516 1878 642 1920 debet
660 1876 771 1919 enim
795 1876 1039 1932 poenitentia
1060 1875 1176 1932 prius
1195 1877 1395 1918 damnare
1414 1883 1656 1932 peccatum,

296 1961 340 1993 ut
365 1950 494 2008 gratia
516 1949 647 2007 possit
670 1948 852 1990 abolere.
876 1947 974 1988 Ideo
994 1955 1142 2003 typum
1163 1946 1282 2002 Legis
1306 1947 1516 2003 accipiens
1535 1948 1659 1989 Joan-

297 2038 370 2065 nes
385 2020 611 2078 baptizavit
629 2019 671 2060 in
693 2017 1002 2076 poenitentiam,
1025 2017 1216 2059 Christus
1240 2017 1291 2058 ad
1313 2018 1532 2074 gratiam⁵.

357 2091 470 2134 VIll.
508 2089 721 2146 Septimus
744 2103 843 2144 ergo
872 2087 958 2129 dies
986 2086 1106 2143 Legis
1130 2087 1380 2143 mysterium
1404 2088 1562 2144 signat,
1583 2102 1659 2129 oc—

300 2171 418 2203 tavus
458 2158 804 2206 resurrectionis,
848 2157 958 2198 sicut
989 2156 1119 2197 hahes
1154 2157 1193 2197 in
1226 2157 1478 2198 Ecclesiaste
1514 2172 1524 2199 τ
1560 2176 1575 2196 ι(
1598 2158 1658 2200 Da

299 2240 492 2288 »partem
516 2229 593 2270 illis
618 2237 807 2284 septem,
832 2236 873 2268 et
896 2227 974 2268 illis
1002 2226 1142 2268 octoss.
1172 2226 1276 2269 Nam
1306 2236 1346 2268 et
1377 2227 1416 2268 in
1449 2227 1660 2285 Propheta

299 2303 408 2345 Osee
432 2300 565 2358 legisti
601 2299 760 2340 (lictum
787 2300 956 2340 adeum
985 2313 992 2338 :
1031 2316 1046 2336 e
1075 2297 1252 2340 Conduc
1283 2298 1359 2339 tibi
1390 2298 1660 2340 fornicariam

299 2370 572 2429 »quindecim
603 2367 833 2417 denariis⁷;
856 2387 870 2406 ι)
896 2383 944 2409 eo
976 2370 1090 2424 quod
1112 2368 1281 2424 gemino
1314 2383 1395 2410 aere
1427 2368 1588 2412 Veteris
1618 2377 1660 2410 et

300 2442 406 2486 Novi
423 2440 698 2489 Testamenti,
725 2439 807 2481 hoc
827 2447 913 2488 est,
935 2439 1099 2497 integro
1119 2438 1218 2481 fidei
1239 2439 1376 2496 pretio
1390 2472 1400 2489 ,
1420 2440 1572 2482 mulier
1589 2440 1657 2482 illa

348 2556 355 2569 ¹
376 2545 458 2578 Psal.
477 2554 526 2584 xi,
541 2543 572 2576 6.
588 2561 626 2567 -
646 2552 658 2566 ²
679 2542 782 2575 Exod.
802 2553 862 2583 xii,
879 2542 908 2572 5.
932 2561 969 2567 -
989 2544 1003 2566 ³
1024 2543 1128 2576 Lem,
1150 2554 1211 2582 xm,
1236 2554 1265 2574 2,
1280 2561 1316 2568 ...
1339 2543 1447 2575 ⁴Lu0,
1463 2553 1550 2581 xxw,
1567 2553 1597 2584 7,
1620 2560 1659 2566 ,-

300 2601 316 2627 ’5
335 2601 454 2635 Matth.
471 2610 524 2638 ιιι,
543 2610 591 2631 ιι.
608 2617 647 2622 -
661 2598 676 2620 5
693 2598 799 2631 Eccte.
818 2609 864 2637 ιι,
887 2609 912 2631 2.
937 2617 976 2624 —
998 2605 1008 2628 7
1028 2598 1122 2631 Osee.
1143 2609 1190 2637 ιιι,
1210 2609 1236 2629 1.
