1774 3158
374 221 429 270 34
917 229 948 255 s.
987 226 1177 254 Amnssosu

361 408 593 422 masna-tn
605 399 1663 418 Mam-”wmxnfflmm-mmmmvswnmnz
1676 400 1712 410 ι,

904 550 1078 593 LIBER
1112 550 1171 591 II.

491 715 596 770 DE
647 711 828 767 FIDE
875 707 1494 765 RESURRECTION
1500 708 1583 764 IS.

425 886 456 926 l.
493 883 723 924 SUPERIORE
760 877 890 921 libro¹
929 876 1086 932 aliquid
1113 876 1359 917 indulsimus
1385 876 1590 917 desiderio
1615 910 1624 925 ,
1656 892 1708 918 ue

368 965 566 1009 tanquam
589 948 764 992 ferventi
787 949 914 1004 plagae
937 946 1161 987 austeriora
1193 945 1375 986 adhibita
1403 946 1707 987 medicamenta

368 1029 660 1079 exasperarent
685 1020 816 1074 magis
833 1048 843 1065 ‚2
869 1031 993 1072 quam
1020 1016 1189 1056 linirent
1217 1015 1404 1056 dolorem
1431 1031 1438 1055 :
1468 1016 1592 1057 simul
1611 1017 1708 1072 quia

365 1096 535 1136 fratrem
564 1090 710 1146 saepius
739 1087 907 1128 allocuti
930 1100 1094 1132 suumS,
1119 1095 1160 1125 et
1182 1085 1311 1125 oculis
1336 1086 1579 1126 tenebamus
1596 1118 1606 1133 ,
1633 1087 1708 1126 ab-

364 1164 537 1205 surdum
563 1174 646 1200 non
668 1157 745 1199 suit
767 1158 950 1197 relaxare
972 1153 1180 1211 paulisper
1203 1153 1398 1195 affectum
1423 1164 1582 1195 naturae
1601 1188 1610 1201 ‚
1636 1155 1706 1210 qui

361 1231 559 1288 lacrymis
580 1227 708 1284 magis
735 1226 917 1282 pascitur
933 1257 942 1272 ,
969 1223 1134 1265 ssetibus
1158 1224 1355 1264 delinitur
1370 1255 1386 1270 ,.
1409 1232 1578 1280 stupore
1602 1223 1707 1264 deli-

364 1303 485 1359 gitur.
524 1298 658 1341 Mollis
686 1296 798 1337 enim
826 1302 865 1335 et
899 1303 1041 1335 tenera
1074 1288 1232 1348 species
1259 1301 1321 1333 est
1351 1292 1483 1333 forma
1514 1293 1705 1349 pietatis,

364 1371 467 1412 nihil
494 1369 674 1409 insolens
699 1373 833 1411 amat,
859 1363 962 1404 nihil
989 1363 1169 1410 immite,
1198 1362 1299 1403 nihil
1323 1363 1474 1403 durum
1501 1377 1510 1402 τ
1536 1362 1706 1403 serendo

364 1448 499 1480 autem
523 1437 724 1493 probatur
746 1433 966 1490 patientia,
993 1446 1118 1488 quam
1141 1432 1387 1472 resistendo.

424 1508 475 1548 ΙΙ.
520 1506 627 1561 Ergo
657 1504 753 1559 quia
785 1503 943 1543 dudum
977 1502 1063 1542 dies
1098 1501 1244 1542 mortis
1276 1501 1382 1542 inter
1412 1500 1706 1556 lacrymabiles

362 1586 552 1635 aspectus
571 1575 714 1616 debuit
732 1573 913 1614 animam
930 1571 1139 1613 declinare
1166 1570 1419 1618 fraternum,
1448 1571 1544 1627 quia
1573 1579 1706 1611 totum

362 1648 553 1693 tenebat3
578 1658 688 1685 nune
717 1642 915 1698 quoniam
940 1641 1006 1682 die
1037 1641 1213 1696 septimo
1247 1640 1298 1681 ad
1330 1641 1568 1696 sepulcrum
1592 1641 1706 1680 redi-

361 1732 476 1765 mus,
500 1715 570 1771 qui
591 1714 677 1754 dies
701 1712 938 1767 symbolum
961 1710 1110 1751 suturae
1134 1710 1282 1765 quietis
1307 1720 1389 1758 est,
1412 1724 1433 1750 a
1454 1710 1580 1750 fratre
1599 1724 1706 1764 pau-

308 1836 312 1842 ί
361 1788 494 1830 lulum
514 1785 566 1825 ad
580 1795 849 1823 communem
865 1779 1036 1821 humani
1054 1778 1216 1833 generis
1240 1779 1571 1819 cohortationem
1589 1781 1705 1833 juvat

363 1857 551 1898 derivare
579 1860 787 1898 mentem,
823 1850 1181 1904 intentionemque
1218 1848 1535 1895 transsundere;
1571 1849 1624 1889 ita
1659 1857 1704 1890 ut

361 1941 496 1983 neque
516 1925 591 1966 toti
613 1923 801 1964 sensibus
824 1919 1053 1976 defigamur
1071 1920 1111 1960 in
1133 1921 1282 1966 l'ratre,
1309 1935 1360 1960 ne
1383 1920 1557 1975 obrepat
1579 1919 1704 1961 atrec-

361 2006 424 2038 tus
450 2011 460 2037 ε
484 2009 619 2050 neque
646 2001 767 2034 tantae
795 1992 934 2032 exules
968 1990 1130 2046 pietatis
1161 1998 1201 2030 et
1237 1989 1377 2045 gratiae
1412 2004 1508 2029 eum
1526 2022 1536 2037 ,
1575 2004 1701 2045 quem

360 2066 590 2123 diligimus,
617 2065 879 2109 deseramus3
905 2069 945 2101 et
969 2076 1063 2101 vere
1087 2060 1161 2116 ipsi
1185 2060 1303 2100 nobis
1327 2060 1431 2100 tanti
1455 2061 1607 2101 doloris
1632 2076 1704 2101 au-

359 2151 528 2194 geamus
552 2133 749 2190 injuriam
765 2165 776 2180 ,
802 2133 833 2173 si
854 2131 980 2173 hodie
998 2130 1117 2172 nobis
1140 2140 1181 2171 et
1202 2130 1244 2170 in
1263 2145 1454 2171 sermone
1475 2131 1695 2171 moriatur.

417 2207 488 2249 ΙΙΙ.
529 2205 646 2246 [nde
668 2202 959 2260 proposuimus
978 2233 988 2248 ,
1007 2202 1154 2242 fratres
1182 2199 1438 2248 charissimi,
1471 2201 1594 2241 solari
1625 2214 1699 2242 nos

359 2275 574 2318 communi
606 2289 683 2315 usu
703 2306 714 2320 ,
754 2287 831 2314 nec
867 2271 1018 2312 durum
1049 2279 1218 2327 putare,
1253 2270 1457 2326 quidquid
1488 2271 1703 2312 universos

359 2353 569 2392 maneret3
599 2352 640 2385 et
666 2343 760 2384 ideo
784 2350 963 2383 mortem
984 2355 1069 2381 non
1091 2356 1179 2382 esse
1202 2341 1422 2397 lugendam
1451 2356 1459 2381 :
1489 2342 1696 2398 primum,

359 2417 452 2473 quia
486 2413 721 2457 communis
748 2413 823 2461 sit,
853 2422 894 2453 et
918 2411 1078 2452 cunctis
1101 2411 1239 2453 dehita
1265 2426 1274 2452 :
1303 2411 1474 2461 deinde,
1505 2412 1599 2468 quia
1625 2426 1699 2454 nos

401 2539 409 2553 ¹
431 2528 514 2560 tide
533 2527 574 2560 D.
593 2525 748 2565 Guillon‚
765 2530 842 2558 tom.
864 2537 910 2565 ix,
927 2537 957 2568 p.
975 2526 1124 2568 417-420.
