1774 3158
369 201 421 228 nr.
456 202 547 229 rior.
580 202 943 238 RESI'RRECTlONlS,
980 206 1057 233 Lm.
1099 208 1142 234 11.
1388 198 1440 238 65

102 273 305 323 animam,
334 276 470 318 redire
488 277 648 319 ossibus
674 279 852 326 viscera3
883 294 978 320 Ctlnl
1010 283 1322 327 meminerimus
1342 302 1442 344 pro-

101 344 254 400 phetici
276 354 389 387 tactu
413 348 600 403 corporis
634 358 845 389 mortuum
878 350 1146 392 suscitatum¹
1168 354 1185 394 9
1206 354 1316 397 Elias
1345 372 1442 398 ora-

102 414 156 453 vit
172 445 180 460 ,
203 423 244 455 et
271 415 514 457 defunctum
535 418 748 459 suscitavit
769 418 968 460 infantem
983 418 995 438 ²
1020 420 1193 464 :Petrus
1214 424 1252 464 in
1274 427 1443 468 nomine

101 481 254 524 Christi
284 484 504 527 Tabitham
534 502 702 542 surgere
734 495 856 543 atque
884 489 1100 530 ambulare
1127 495 1366 549 praecepit³,
1402 507 1443 538 et

99 553 305 594 redditam
331 555 408 595 sibi
434 571 635 612 pauperes
668 557 862 612 gratulati
882 558 1153 600 crediderunt
1175 576 1249 616 pro
1277 564 1444 606 alimen-

99 623 174 671 tis;
200 632 242 665 et
258 639 333 666 nos
358 625 495 667 adhuc
522 642 595 683 pro
617 627 749 668 salute
772 642 855 668 non
881 628 1120 669 credimus?
1142 630 1204 671 Illi
1229 647 1443 675 resurree-

98 693 253 735 tionem
282 696 455 737 alienam
484 697 566 736 suis
587 696 784 752 lacrymis
818 697 1109 746 redemerunt,
1148 715 1223 741 nos
1258 711 1443 745 nostram

97 778 175 804 nec
193 765 345 807 Christi
370 765 580 807 credimus
610 765 832 822 passione?
857 766 939 817 Qui
969 781 1066 807 cum
1096 769 1308 811 emitteret
1326 773 1445 828 spiri-

98 841 210 881 tum,
239 842 283 875 ut
306 836 542 876 ostenderet
564 850 641 892 pro
659 844 798 877 nostra
817 837 1124 878 resurrectione
1148 853 1191 879 se
1209 849 1441 891 mortuum,

98 904 245 945 seriem
264 905 393 962 ipsam
411 906 728 947 resurrectionis
751 907 960 953 exercuit3
986 906 1111 947 simul
1134 908 1244 949 enim
1263 918 1337 950 ut«
1356 911 1446 953 Cla-

98 988 243 1015 »mans
261 975 413 1016 iterum
431 990 535 1016 voce
554 991 703 1032 magna
727 975 866 1016 emisit
888 975 1080 1032 spiritum
1095 1009 1105 1024 ‚
1130 986 1172 1018 et
1198 986 1308 1020 terra
1333 989 1446 1023 mota

99 1054 188 1087 »est
207 1079 216 1093 ,
241 1054 282 1086 et
300 1054 428 1103 petrae
446 1047 582 1087 scissae
600 1054 719 1095 sunt,
745 1055 785 1087 et
809 1054 1083 1087 monumenta
1104 1056 1245 1103 aperta
1270 1059 1381 1099 sunt,
1406 1060 1447 1094 et

98 1117 256 1157 »multa
288 1131 467 1173 corpora
508 1125 749 1158 sanctorum
773 1117 1075 1158 dormientium
1107 1130 1443 1169 resurrexerunt,

98 1195 167 1227 »et
190 1195 389 1228 exeuntes
412 1188 462 1228 de
484 1195 758 1228 monumento
780 1194 874 1243 post
891 1186 1244 1228 resurrectionem
1268 1189 1357 1244 ejus
1383 1206 1446 1233 ve-

99 1264 280 1297 »nerunt
308 1257 348 1297 in
373 1265 557 1298 sanctam
576 1257 811 1305 civitatem,
837 1264 879 1296 et
901 1255 1043 1296 multis
1071 1259 1395 1312 apparuerunth
1418 1280 1433 1300 n

156 1326 388 1368 LXXXIV.
428 1326 470 1367 Si
492 1327 581 1368 haec
604 1326 712 1368 facta
734 1335 830 1368 sunt
845 1358 855 1372 ‚
878 1340 974 1367 cnm
998 1327 1210 1369 emitteret
1227 1329 1416 1385 spiritum
1433 1364 1444 1379 ‚

97 1411 172 1437 cur
205 1397 463 1438 incredibilia
497 1407 711 1453 putamus,
748 1412 843 1438 cum
880 1397 1016 1438 redire
1050 1399 1225 1454 coeperit
1253 1402 1304 1442 ad
1331 1402 1446 1457 judi--

96 1469 208 1509 cium
223 1467 241 1508 i>
257 1468 486 1525 praesertim
510 1483 607 1509 cum
631 1467 720 1508 haec
739 1467 991 1508 resurrectio
1012 1468 1313 1511 documentum
1336 1472 1444 1513 illius

97 1539 435 1587 resurrectionis,
465 1547 508 1580 et
537 1538 686 1579 suturae
716 1537 768 1579 sit
799 1536 980 1579 veritatis
1007 1539 1274 1594 exemplum:
1305 1542 1442 1583 minus

96 1618 236 1650 autem
271 1610 510 1666 exemplum
540 1617 625 1657 est,
657 1622 782 1664 quam
818 1606 980 1648 veritas.
1020 1607 1124 1658 Quis
1153 1608 1278 1665 igitur
1300 1611 1340 1651 in
1365 1612 1443 1653 Do-

94 1679 197 1720 mini
213 1680 405 1736 passione
424 1686 698 1721 monnmenta
722 1676 908 1734 aperuit3
933 1691 1105 1718 manum
1128 1681 1442 1736 resurgentibus

96 1750 226 1798 dedit3
250 1750 375 1798 viam,
393 1765 473 1807 qua
493 1750 702 1791 civitatem
727 1757 914 1790 sanctam
938 1757 1149 1804 peterent,
1176 1751 1442 1794 demonstra-

94 1820 181 1862 vit?
202 1820 244 1862 Si
266 1835 390 1862 nemo
412 1819 512 1867 fuit,
550 1819 627 1860 fuit
652 1818 794 1874 utique
815 1819 874 1859 vis
897 1818 1034 1860 diviua
1049 1851 1059 1866 ,
1085 1834 1176 1875 quae
1197 1832 1443 1878 operaretur

94 1893 133 1932 in
161 1892 408 1949 corporibus
440 1899 717 1933 mortuorum.
749 1889 938 1931 Hominis
960 1897 1005 1930 tu
1031 1891 1180 1945 quaeris
1213 1893 1437 1944 auxilium,

92 1962 165 2004 ubi
184 1978 288 2019 opus
306 1962 381 2004 Dei
402 1962 569 2015 cernis?

148 2031 360 2074 LXXXV.
384 2032 475 2074 ‘Non
493 2039 616 2087 egent
634 2029 828 2072 humanis
846 2028 982 2070 divina
1000 2029 1253 2072 ministeriis.
1278 2032 1439 2076 Coelum

91 2104 202 2146 Deus
224 2103 314 2145 fieri
332 2103 474 2160 jussit,
500 2112 542 2144 et
564 2103 721 2144 factum
742 2109 802 2142 est
827 2116 836 2142 ε
867 2110 1020 2142 terram
1054 2102 1186 2143 creari
1208 2105 1373 2153 statuit,
1400 2116 1441 2148 et

92 2186 231 2218 creata
260 2175 363 2217 est⁵.
392 2174 496 2225 Quis
521 2173 706 2215 humeris
739 2187 835 2212 saxa
872 2170 1093 2212 convexit?
1120 2172 1210 2226 quis
1233 2178 1442 2231 congessit

92 2246 328 2303 impensas?
344 2247 434 2301 quis
448 2245 655 2287 laboranti
668 2244 756 2285 Deo
773 2257 890 2284 suam
910 2255 1082 2297 operam
1097 2242 1376 2286 ministravit?
1392 2247 1440 2288 ln

91 2328 306 2361 momento
326 2319 416 2359 hrec
437 2318 545 2358 facta
569 2324 677 2357 sunt.
708 2314 774 2356 vis
805 2313 910 2354 scire
941 2326 1066 2367 quam
1091 2312 1239 2354 brevi?
1263 2332 1278 2352 «
1298 2316 1436 2364 Dixit,

92 2398 162 2430 »et
186 2388 291 2430 facta
310 2387 446 2429 sunt⁶.
470 2406 483 2425 »
506 2387 547 2428 Si
570 2386 684 2427 dicto
707 2386 916 2426 elementa
935 2393 1210 2439 consurgunt,
1232 2399 1307 2425 cur
1326 2387 1436 2427 dicto

135 2481 181 2519 14
198 2482 273 2520 [leg.
305 2490 447 2514 xi11,21.
465 2496 501 2501 —
519 2488 530 2501 ²
563 2478 580 2507 5
607 2477 686 2516 Reg.
716 2486 797 2509 xvn,
827 2485 876 2505 22.
892 2491 932 2497 —
951 2474 960 2496 ³
980 2475 1050 2505 Art.
1083 2485 1127 2507 ix,
1156 2474 1206 2511 40.
1227 2493 1266 2500 -
1288 2479 1299 2502 4
1319 2478 1433 2510 Mam),

91 2546 186 2573 xxvii,
205 2537 256 2570 51,
275 2535 328 2566 52.
349 2551 386 2557 —-
405 2535 417 2555 ⁵
437 2533 519 2564 Gen.
535 2544 558 2569 1,
576 2532 608 2569 6,
625 2536 657 2563 et
670 2541 760 2572 seqq.
778 2547 817 2552 —
837 2529 851 2550 ⁶
873 2529 953 2560 Psa'«.
970 2539 1084 2567 cutm,
1103 2530 1133 2560 5.

248 2603 310 2630 Lx.
1277 2588 1298 2626 5
