1774 3158
331 220 387 270 64
874 232 904 259 5.
944 231 1133 260 Amnnosn

329 311 465 353 Judaei
487 309 646 351 institas
669 309 856 351 solvunt¹
876 327 887 358 3
909 325 963 351 ne
985 309 1092 351 sorte
1117 317 1159 351 et
1179 318 1224 352 tu
1245 308 1448 351 sollicitus
1479 308 1547 358 sis,
1582 310 1672 366 quis

331 380 512 436 lapidem
537 380 586 420 de
610 387 884 421 monumento
913 387 987 421 tuo
1010 379 1140 422 tollat.
1168 379 1296 430 Quasi
1325 394 1423 421 vero
1451 379 1521 435 qui
1552 380 1675 436 spiri-

333 460 422 492 tum
450 450 672 492 refundere
695 459 881 507 poterat,
922 450 1103 506 lapidem
1127 465 1342 493 removere
1373 465 1456 492 non
1479 458 1641 507 poterat
1663 465 1671 491 :

335 529 404 562 aut
421 520 585 562 vincula
603 535 822 578 rumpere,
844 520 914 576 qui
936 519 1123 562 vinctum
1154 520 1311 562 fecerat
1335 519 1548 562 ambulare
1569 534 1578 561 τ
1606 528 1676 561 aut

333 590 551 646 deoperire
575 589 720 632 faciem
735 623 744 638 ,
772 590 841 646 qui
861 590 1014 646 opertis
1031 589 1161 631 oculis
1183 591 1325 631 lumen
1342 589 1552 632 infuderat
1571 604 1580 630 ε
1608 597 1676 630 aut

333 658 492 701 findere
513 668 700 716 petram,
732 660 801 715 qni
827 667 992 715 poterat
1021 659 1248 701 reformare
1277 659 1503 701 naturam?
1521 658 1603 700 Sed
1633 667 1677 701 ut

334 731 398 772 vel
424 731 555 772 oculis
588 729 950 777 suis1crederent,
975 729 1044 785 qui
1069 730 1240 771 credere
1271 738 1412 772 mente
1447 730 1674 778 nolebant,

335 809 550 842 removent
581 800 789 856 lapidem,
826 799 968 841 vident
1005 800 1195 847 cadaver,
1236 799 1427 841 soetorem
1468 799 1672 848 sentiunt,

332 871 489 912 institas
517 877 729 927 rumpunt.
767 869 857 911 Non
880 877 1051 926 possunt
1074 884 1225 925 negare
1253 868 1522 917 defunctum,
1553 884 1677 925 quem

334 939 540 996 aspiciunt
560 947 872 996 resurgentem;
897 939 1040 980 vident
1063 938 1179 995 signa
1203 939 1371 987 mortis,
1408 947 1449 980 et
1477 939 1568 980 vitae
1591 954 1680 979 mu·

334 1025 448 1052 nera.
485 1010 598 1061 Quid
621 1010 652 1051 si
671 1012 770 1058 dum
806 1021 1031 1059 conantur,
1073 1010 1216 1051 labore
1249 1009 1336 1066 ipso
1369 1010 1680 1052 emendantur?

333 1079 433 1136 quid
454 1079 486 1120 si
510 1081 609 1121 dun]
642 1080 842 1127 audiunt,
875 1081 940 1121 vel
973 1079 1143 1120 auribus
1172 1079 1255 1121 suis
1286 1080 1499 1121 credunt?
1523 1081 1620 1136 quid
1646 1081 1677 1123 si

332 1150 433 1190 dum
464 1148 694 1198 intuentur,
723 1150 786 1190 vel
812 1148 942 1191 oculis
972 1150 1054 1191 suis
1074 1149 1374 1206 corriguntur?
1395 1150 1496 1206 quid
1522 1152 1555 1192 si
1579 1153 1680 1193 dum

331 1227 533 1276 rumpunt
553 1219 740 1268 vincula,
769 1228 934 1262 mentes
962 1235 1054 1262 suas
1083 1220 1278 1263 solvunt?
1304 1221 1404 1277 quid
1424 1221 1456 1263 si
1476 1221 1576 1262 dum
1607 1221 1683 1263 La-

331 1304 448 1331 zarus
466 1289 648 1338 exuitur,
669 1292 849 1347 populus
866 1290 1100 1333 liberatur?
1118 1292 1216 1333 dum
1238 1290 1441 1334 Lazarum
1462 1292 1576 1333 abire
1593 1307 1683 1348 pcr-

330 1361 525 1408 mittunt,
554 1361 631 1417 ipsi
664 1361 716 1402 ad
747 1361 974 1403 Dominum
1008 1362 1312 1405 revertuntur?
1343 1362 1536 1419 Denique
1560 1362 1680 1404 multi

330 1431 399 1487 qui
421 1439 620 1473 venerant
644 1432 695 1473 ad
713 1431 905 1481 Mariam,
930 1433 1117 1475 videntes
1148 1447 1239 1489 quae
1261 1432 1368 1474 sacta
1389 1441 1487 1475 sunt
1504 1466 1515 1482 ,
1541 1433 1673 1474 eredi-

331 1500 522 1543 derunt².

386 1571 580 1614 LXXXI.
619 1571 706 1614 Nec
737 1572 818 1614 hoc
856 1574 991 1615 solum
1023 1574 1261 1631 exemplum
1308 1572 1439 1616 edidit
1474 1574 1680 1616 Dominus

329 1650 470 1684 noster
490 1641 610 1684 Jesus
635 1642 849 1692 Christus;
887 1645 960 1685 sed
993 1644 1094 1686 alios
1121 1659 1288 1700 quoque
1316 1643 1603 1692 resuscitavit,
1636 1654 1680 1686 ιιι

329 1727 402 1753 nos
434 1713 499 1754 vel
539 1713 738 1770 exemplis
771 1713 1038 1756 uberioribus
1081 1715 1361 1757 crederemus.
1403 1714 1680 1758 Resuscitavit

331 1783 639 1825 adolescentem
660 1783 763 1826 fletu
784 1784 916 1827 viduae
939 1786 1085 1828 matris
1113 1786 1289 1828 inflexus
1307 1819 1317 1835 ,
1348 1787 1517 1843 quando
1543 1802 1679 1829 acces·

332 1854 385 1895 sit
417 1863 458 1896 et
492 1855 625 1912 tetigit
656 1857 861 1905 loculum,
889 1857 1061 1898 dicens:
1094 1875 1108 1895 α
1136 1857 1415 1906 Adolescens,
1450 1857 1524 1899 tibi
1562 1857 1674 1905 dico,

329 1940 482 1982 »surge
502 1940 510 1966 :
531 1934 571 1967 et
605 1926 759 1968 resedit
786 1927 857 1984 qui
880 1935 967 1969 erat
997 1937 1208 1976 mortuus,
1243 1937 1283 1970 et
1313 1929 1439 1986 coepit
1467 1928 1621 1986 loqui³.
1652 1949 1666 1968 »

327 1994 474 2036 Statim
507 2004 551 2038 ut
575 1997 746 2045 audivit,
777 1998 914 2040 statim
936 1998 1105 2046 resedit,
1138 1999 1275 2041 statim
1294 2000 1459 2041 Iocutus
1483 2008 1556 2042 est.
1586 2001 1673 2042 Alia

328 2081 425 2122 crgo
447 2067 612 2109 virtutis
639 2068 770 2125 gratia
789 2101 799 2117 ,
833 2069 934 2110 alius
958 2070 1060 2110 ordo
1083 2078 1254 2112 naturae.

382 2136 597 2180 LXXXII.
636 2137 741 2180 Nam
774 2138 876 2194 quid
901 2139 951 2180 de
983 2139 1304 2197 archisynagogi
1341 2139 1425 2183 filia
1447 2140 1600 2198 loquar
1633 2142 1672 2184 in

326 2206 447 2262 cujus
465 2207 583 2249 obitu
599 2207 759 2250 flebant
777 2208 909 2250 turbae
922 2240 932 2257 ,
958 2209 1154 2251 tibicines
1175 2211 1489 2267 personabant?
1506 2213 1671 2254 Etenim

326 2276 375 2316 ad
402 2274 530 2319 fidem
566 2277 713 2319 mortis
741 2293 893 2335 pompa
926 2278 1081 2320 funeris
1099 2279 1332 2322 exhibetur.
1358 2280 1495 2331 Quam
1515 2281 1597 2324 cito
1622 2284 1671 2324 ad

322 2358 468 2387 vocem
483 2346 652 2389 Domini
675 2348 931 2390 convertitur
953 2349 1144 2405 spiritus,
1168 2350 1400 2392 redivivum
1424 2367 1578 2409 corpus
1595 2353 1672 2394 cri·

322 2415 448 2471 gitur,
474 2416 591 2458 cibus
615 2419 794 2460 sumitur
810 2451 819 2466 ‚
852 2428 895 2460 ut
911 2420 1002 2461 vitae
1027 2419 1311 2462 testimonium
1337 2423 1592 2464 crederetur.

381 2486 617 2530 LXXXIII.
656 2488 708 2530 Et
745 2489 846 2545 quid
882 2490 1086 2531 miremur
1124 2491 1174 2533 ad
1212 2507 1357 2534 vocem
1389 2493 1464 2535 Dei
1504 2494 1668 2536 refundi

367 2574 376 2590 ¹
398 2566 618 2606 Joan.x1,41.
639 2586 675 2591 —-
695 2578 706 2592 ²
730 2568 813 2600 thid.
837 2569 888 2605 (15.
911 2588 947 2593 —
974 2572 986 2593 3
1015 2571 1087 2601 Luc.
1110 2581 1164 2605 xii,
1185 2571 1218 2608 ¹4
1252 2574 1300 2604 15.
