1774 3158
318 236 401 279 318
864 249 898 277 s.
935 248 1130 277 AMBRosn

312 335 454 368 tamen
476 324 816 383 paranymphum
844 324 922 366 sibi
949 323 1129 366 Samson
1156 325 1272 381 quasi
1296 325 1428 368 fidum
1450 327 1635 370 sodalem
1653 361 1664 377 ,

313 412 409 439 cum
430 398 605 438 duceret
622 411 714 438 eam
736 411 910 437 uxorem
927 429 937 445 ‚
962 396 1182 439 asciverat.
1201 396 1286 438 Nec
1308 398 1366 439 sic
1386 407 1524 440 tamen
1540 433 1550 448 ,
1568 414 1668 456 prae-

315 477 430 510 tento
461 469 559 509 licet
582 466 803 524 conjugiO,
831 466 1073 508 offensionis
1098 468 1334 523 periculum
1360 469 1519 512 avertit.
1545 469 1666 512 Nam-

314 555 396 596 que
413 539 485 580 ubi
508 554 572 579 res
590 537 755 594 prodita
771 570 781 586 ,
802 538 1043 593 volentique
1066 537 1115 578 ad
1135 538 1360 595 conjugem
1381 540 1517 581 redIre
1535 539 1668 582 inter-

313 611 429 652 clusa
453 608 596 665 copia,
632 608 744 664 qnod
766 608 893 664 {pater
919 623 1011 648 eam
1046 607 1114 648 alii
1142 608 1230 650 viro
1261 609 1450 665 nupsisse
1483 610 1663 658 diceret,

315 695 503 722 sororem
542 694 641 721 sane
670 678 784 735 ejus,
817 678 850 720 si
889 679 1034 725 vellet,
1069 680 1225 719 ducere
1256 679 1454 728 liceret’3
1495 680 1665 722 stimulo

313 751 478 808 injuriae
497 751 777 797 exulceratus,
794 748 1007 806 publicam
1030 748 1282 805 excogitavit
1307 750 1511 791 ultionem
1527 765 1667 806 capes-

314 838 404 864 sere
436 820 676 863 domesticae
715 819 982 860 contumeliae
1015 819 1303 875 indignatione
1332 835 1340 860 :
1377 820 1665 876 correptisque

314 892 510 937 trecentis
533 890 751 947 vulpibus,
776 891 914 931 adulta
935 899 1098 938 aestate,
1125 905 1220 931 cum
1241 890 1326 946 jam
1346 898 1508 932 matura
1527 899 1666 932 essent

310 966 353 1007 in
377 964 484 1020 agris
505 962 713 1003 frumenta
729 993 739 1009 ,
766 959 884 1000 binas
901 959 978 1000 sibi
1002 959 1182 1000 invicem
1206 962 1384 1002 caudam
1410 961 1463 1002 ad
1485 960 1664 1002 caudam

310 1034 478 1091 ligavit,
497 1040 621 1087 atque
639 1030 680 1071 iu
701 1029 889 1070 medium
910 1044 1055 1070 earum
1080 1031 1297 1071 ardentem
1316 1030 1490 1071 inseruit
1511 1030 1659 1079 facem,

311 1104 508 1157 nodoque
551 1099 740 1141 astrinxit
772 1098 1063 1146 inexsolubili,
1102 1107 1143 1140 et
1182 1099 1293 1140 ultor
1334 1099 1497 1156 injuria)
1539 1114 1664 1157 super

309 1173 552 1229 manipnlos
589 1169 735 1212 messis
766 1168 921 1210 dimisit
950 1168 1255 1216 frumentariae,
1284 1184 1410 1225 quam
1441 1177 1663 1211 secuerant

311 1244 458 1287 incolae
477 1241 807 1285 Palaestinorum.
840 1240 894 1280 At
914 1239 993 1280 illae
1024 1239 1106 1295 igni
1135 1241 1344 1281 exterritae
1362 1273 1371 1288 ,
1394 1255 1662 1297 quacumque

308 1313 545 1373 praecipites
587 1309 973 1357 convolvebantur,
1015 1310 1267 1366 spargebant
1309 1310 1572 1360 incendium,
1621 1318 1662 1351 et

309 1384 542 1427 exurebant
571 1382 706 1439 spicas
727 1395 891 1422 eorum.
920 1379 1015 1430 Quo
1041 1379 1260 1436 dispendio
1295 1381 1521 1428 commoti,
1547 1380 1660 1436 quod

308 1471 453 1498 omues
471 1454 549 1495 sibi
570 1454 761 1494 locorum
785 1451 946 1492 fructus
975 1450 1219 1491 interierant
1237 1483 1246 1499 ,
1273 1450 1428 1492 sactum
1456 1450 1659 1507 principi·

305 1528 385 1570 bus
408 1525 490 1567 suis
516 1523 828 1565 intimaverunt.
857 1521 909 1562 Et
935 1521 992 1561 illi
1021 1521 1224 1561 miserunt
1248 1521 1355 1562 viros
1385 1522 1424 1563 in
1447 1522 1660 1563 Thamna-

306 1606 391 1639 tam
411 1629 419 1644 ,
441 1595 511 1651 qui
533 1594 755 1643 mulierem
783 1606 875 1647 quae
904 1591 1059 1631 variato
1083 1590 1209 1632 fidem
1242 1591 1440 1648 conjugio
1464 1603 1658 1636 mutave-

305 1675 393 1713 rat,
423 1680 469 1706 ac
500 1672 631 1705 totam
659 1661 749 1718 ejus
788 1662 961 1702 domum
992 1668 1272 1717 parentesque
1303 1661 1385 1717 igni
1406 1662 1653 1715 ,involverm

305 1734 419 1791 quod
446 1750 493 1775 ea
522 1747 646 1774 causa
669 1746 753 1772 suae
780 1730 981 1771 vastitatis
1013 1739 1055 1771 et
1079 1729 1243 1785 injuriae
1265 1729 1371 1772 soret
1393 1746 1401 1772 :
1431 1747 1508 1774 nec
1531 1749 1655 1789 opor-

303 1806 430 1847 tuisse
452 1803 545 1845 laedi
567 1803 702 1844 virum
726 1799 1046 1857 pronuntiantes
1065 1831 1075 1847 ‚
1101 1799 1171 1855 qni
1193 1809 1335 1856 posset
1356 1801 1466 1843 malo
1485 1803 1655 1859 publico

303 1889 345 1916 se
363 1873 520 1915 ulcisci.

359 1945 479 1987 XIX.
518 1943 604 1986 Nec
627 1952 767 1984 tamen
791 1939 966 1981 Samson
990 1939 1155 1996 populis
1173 1939 1489 1983 Palaestinorum
1514 1943 1654 1985 delicti

301 2015 475 2072 gratiam
500 2014 624 2062 fecit,
651 2021 775 2068 atque
794 2026 843 2052 eo
869 2010 1063 2053 vindictae
1089 2008 1171 2050 fine
1197 2018 1420 2052 contentus
1444 2011 1522 2054 suit
1549 2028 1558 2054 ε
1582 2015 1654 2055 sed

301 2088 486 2129 concidit
502 2101 572 2127 eos
595 2094 731 2139 strage
749 2081 945 2128 maxima,
973 2079 1228 2137 plurimique
1254 2095 1397 2121 eornm
1421 2080 1529 2124 ferro
1553 2083 1654 2125 inte-

298 2160 420 2200 riere.
444 2158 538 2213 Ipse
561 2164 701 2196 autem
722 2151 929 2194 concessit
950 2151 990 2191 in
1015 2150 1159 2197 Etam‚
1186 2151 1238 2191 ad
1262 2157 1490 2193 torrentem
1512 2152 1554 2194 in
1578 2154 1652 2196 de-

299 2238 424 2271 serto.
451 2227 570 2269 Petra
591 2224 674 2266 illic
696 2229 787 2264 erat
805 2220 983 2262 munitio
1003 2221 1135 2260 tribus
1153 2219 1277 2261 Juda.
1301 2220 1508 2263 Palaestini
1526 2237 1624 2264 vero
1639 2256 1649 2272 ,

297 2309 343 2342 ut
367 2299 437 2355 qui
460 2313 557 2339 eum
580 2310 664 2337 non
687 2293 894 2335 auderent
920 2292 1149 2339 lacessere,
1181 2305 1259 2332 nec
1284 2291 1528 2334 munitionis
1551 2309 1652 2350 prae-

296 2380 419 2428 rupta
442 2368 654 2422 arduaque
683 2377 899 2420 superare,
929 2361 1087 2402 tribum
1115 2361 1219 2401 Juda
1243 2361 1488 2403 denuntiato
1514 2364 1651 2406 adorsi

296 2455 445 2498 urgere
476 2436 642 2496 praelio,
669 2449 767 2476 cum
789 2432 901 2490 justa
926 2430 1072 2473 referri
1099 2440 1346 2480 cernerent,
1373 2433 1487 2490 quod
1508 2433 1651 2475 subdi-

295 2519 360 2552 tos
386 2508 464 2552 sibi
492 2516 534 2550 et
555 2503 798 2549 tributarios
821 2501 1034 2561 perditum
1062 2500 1113 2544 iri
1145 2515 1411 2558 nequaquam
1435 2517 1581 2545 verum
1609 2511 1651 2545 et

340 2609 349 2625 ¹
368 2601 387 2632 J
393 2599 475 2634 udic.
494 2608 549 2636 xv,
573 2607 602 2636 ι,
616 2601 649 2630 et
663 2606 751 2639 seqq.
