1774 3158
325 229 378 274 70
881 231 910 258 s.
951 231 1140 259 annnosn

322 308 447 368 hujus
469 310 651 368 deponat
676 308 875 352 officium.
916 309 1006 353 Non
1044 311 1157 352 solus
1184 310 1321 367 itaque
1356 310 1503 354 Enoch
1539 312 1668 362 vivit,

323 382 419 437 quia
460 396 544 423 non
584 383 694 423 solus
727 389 789 423 est
817 390 959 438 raptus
999 398 1007 421 :
1048 381 1209 438 rapitur
1243 391 1284 423 et
1315 383 1467 425 Paulus
1508 385 1672 427 obviam

323 452 505 494 Christo.

380 522 509 565 XCV.
549 521 703 564 Vivunt
715 522 841 564 etiam
859 521 1124 568 Patriarchae;
1141 537 1277 578 neque
1293 523 1404 564 enim
1425 524 1544 566 aliter
1560 525 1674 567 Deus

319 594 536 636 Abraham
553 627 562 642 ,
590 594 703 635 Deus
726 593 839 634 Isaac
859 626 868 641 ‚
896 601 938 633 et
959 592 1073 634 Deus
1097 593 1226 634 Jacob
1246 626 1255 641 ‚
1284 594 1362 635 nisi
1386 596 1542 637 mortui
1563 597 1675 638 vive-

328 673 453 714 rent,
479 665 693 707 diceretur
713 679 721 705 ε
749 665 864 705 Deus
887 663 999 704 enim
1023 671 1285 705 mortuorum
1305 679 1390 705 non
1406 674 1467 706 est
1486 697 1497 714 ,
1523 666 1594 707 scd
1614 667 1677 709 vi-

324 734 554 777 ventiuni¹.
586 735 782 777 Vivemus
820 743 861 775 et
883 749 984 782 nos,
1017 734 1047 775 si
1074 743 1187 791 gesta
1219 750 1440 792 moresque
1468 737 1677 793 majorum

327 807 585 848 voluerimus
608 806 774 848 imitari.
798 806 999 848 Miramur
1017 806 1352 849 patriarcharum
1375 808 1544 863 praemia
1560 840 1570 855 ,
1590 809 1678 851 imi-

325 887 464 921 temur
482 878 682 935 obsequia
703 895 712 918 ε
733 878 1006 936 praedicamus
1030 878 1221 935 gratiam,
1244 894 1468 935 sequamur
1483 879 1678 921 obedien-

322 950 425 992 tiam
447 982 459 998 ,
487 965 572 992 non
591 950 696 992 escis
724 950 914 998 inducti,
939 949 1078 991 saeculi
1096 951 1270 1005 laqueos
1292 950 1538 992 incidamus.
1566 951 1679 992 Arri-

320 1021 485 1078 piamus
530 1021 890 1079 opportunitatem
930 1021 1129 1077 temporis
1144 1054 1154 1069 ,
1194 1021 1486 1077 praescriptum
1526 1021 1647 1077 Legis
1666 1053 1676 1069 ‚

327 1091 597 1133 clementiam
617 1091 847 1133 vocationis
864 1123 874 1139 ,
893 1091 1149 1133 desiderium
1166 1090 1382 1146 passionis,
1411 1090 1612 1132 Exierunt
1629 1092 1680 1131 de

325 1168 433 1202 terra
450 1175 522 1202 sua
534 1160 806 1209 Patriarchae,
828 1169 869 1202 et
887 1175 962 1202 nos
984 1175 1178 1202 exeamus
1197 1160 1410 1217 proposito
1431 1161 1481 1200 de
1493 1160 1680 1216 corporis

326 1239 556 1289 potestate;
583 1246 659 1272 nos
681 1246 877 1272 exeamus
901 1230 1116 1288 proposito
1133 1263 1142 1278 ,
1168 1231 1225 1271 illi
1243 1231 1365 1273 exilio
1389 1246 1398 1272 :
1424 1232 1497 1272 sed
1512 1231 1680 1272 exilium

329 1316 416 1343 non
434 1309 659 1358 putarunt,
681 1303 795 1358 quod
816 1302 981 1343 devotio
1006 1302 1166 1352 obiret,
1194 1316 1278 1342 non
1306 1302 1533 1344 necessitas
1554 1302 1681 1358 impe·

327 1379 454 1414 raret.
493 1372 557 1413 Illi
585 1379 741 1414 terram
764 1373 852 1414 solo
874 1379 1093 1413 mutarunt
1113 1403 1122 1420 ,
1164 1386 1238 1413 nos
1277 1380 1430 1412 terram
1455 1373 1563 1413 coelo
1590 1387 1682 1412 mu-

330 1450 469 1485 temus
500 1457 511 1484 :
546 1442 606 1484 illi
642 1443 924 1491 habitatione,
961 1457 1035 1483 nos
1073 1441 1235 1498 spiritu.
1278 1442 1361 1482 Illis
1400 1441 1680 1483 illuminatum

330 1513 463 1555 stellis
487 1514 642 1555 coelum
667 1513 899 1555 ostenderit
930 1512 1130 1570 sapientia
1150 1546 1160 1561 ‚
1203 1512 1335 1554 nostri
1369 1513 1507 1554 cordis
1538 1514 1683 1555 oculos

331 1584 556 1627 illuminet.
588 1584 657 1626 Sic
682 1592 805 1642 typus
827 1584 990 1626 veritati
1016 1615 1028 1633 ‚
1054 1592 1095 1625 et
1113 1583 1267 1625 veritas
1294 1584 1511 1625 concurrit
1534 1593 1648 1641 typo.

387 1654 540 1698 XCVI.
576 1654 789 1696 Abraham
801 1662 968 1712 paratus
985 1654 1243 1711 excipiendis
1265 1654 1500 1711 hospitibus
1515 1688 1525 1704 ‚
1549 1654 1684 1697 fidelis

330 1725 424 1768 Deo
442 1759 451 1773 ‚
475 1725 651 1782 impiger
671 1724 902 1767 ministerio
923 1758 933 1774 ,
972 1733 1192 1782 promptus
1231 1725 1370 1767 officio
1386 1758 1396 1774 ,
1436 1726 1683 1768 Trinitatem

332 1796 374 1838 in
402 1805 503 1854 typo
536 1796 639 1837 vidit
654 1795 688 1844 ²,
717 1795 1046 1853 hospitalitatem
1075 1796 1278 1853 religione
1307 1797 1568 1846 cumulavit,
1601 1806 1685 1839 tres

331 1867 600 1926 suscipiens,
631 1882 763 1908 unum
795 1868 998 1916 adorans3
1025 1874 1066 1908 et
1100 1881 1375 1923 personarum
1418 1868 1686 1910 distinctione

332 1946 494 1979 servata
508 1971 518 1987 ‚
541 1951 673 1978 unum
691 1945 831 1979 tamen
850 1937 1081 1980 Dominum
1100 1937 1377 1986 nominabat,
1402 1939 1537 1980 tribus
1559 1939 1688 1981 hono-

332 2006 588 2050 rificentiam
611 2007 800 2050 muneris
828 2007 1016 2049 deserens
1032 2041 1042 2056 ‚
1070 2017 1112 2050 et
1131 2023 1255 2049 unam
1283 2007 1524 2064 significans
1545 2018 1687 2066 potes—

332 2085 478 2120 tatem.
509 2077 781 2135 Loquebatur
799 2078 910 2120 enim
936 2078 977 2119 in
1001 2093 1051 2120 eo
1075 2093 1158 2120 non
1179 2078 1392 2128 doctrina,
1422 2079 1496 2120 sed
1518 2080 1646 2137 gratia
1675 2093 1686 2122 ε

332 2156 376 2190 et
395 2147 548 2190 melius
571 2149 771 2190 credebat
795 2148 864 2189 ille
883 2181 894 2197 ‚
926 2149 1040 2205 quod
1071 2163 1156 2190 non
1188 2149 1392 2191 didicerat
1414 2181 1425 2199 ‚
1468 2165 1591 2206 quau]
1614 2166 1688 2192 nos

338 2218 411 2275 qui
433 2218 674 2261 didicimus.
704 2219 835 2271 Nemo
856 2219 964 2260 enim
985 2228 1132 2276 typum
1155 2220 1373 2261 falsaverat
1402 2221 1588 2262 veritatis
1608 2253 1619 2269 ,
1648 2230 1691 2263 et

307 2290 310 2292 ’
335 2289 431 2331 ideo
446 2298 530 2332 tres
546 2289 684 2338 videt,
709 2290 783 2332 sed
803 2289 1006 2331 unitatem
1028 2290 1376 2331 veneratur.Tres
1393 2305 1611 2333 mensuras
1633 2293 1691 2333 si-

335 2359 548 2417 milaginis
566 2360 724 2416 promit
742 2393 752 2409 ,
778 2373 914 2401 unum
937 2360 1128 2402 immolat
1157 2360 1361 2408 vitulum3
1388 2361 1487 2402 satis
1515 2363 1691 2404 credens

332 2444 463 2470 uuum
488 2444 576 2470 esse
601 2429 853 2472 sacrificium
873 2461 884 2478 ‚
908 2429 1035 2471 trium
1073 2444 1227 2472 munus
1243 2429 1254 2451 ³
1293 2446 1302 2471 ε
1333 2446 1461 2472 unam
1484 2431 1661 2474 hostiam
1679 2465 1689 2480 ‚

334 2499 458 2542 trium
482 2499 673 2556 gratiam.
699 2499 804 2542 Nam
818 2499 862 2541 in
876 2508 1056 2556 quatuor
1078 2500 1246 2557 regibus
1271 2501 1362 2557 quis
1378 2516 1463 2542 non
1486 2502 1690 2560 intelligat

379 2586 388 2602 ¹
407 2579 485 2611 buc.
500 2589 554 2618 xx,
570 2579 624 2613 38.
643 2597 683 2603 —-
702 2589 714 2604 ³
732 2580 819 2613 Gen.
837 2589 932 2619 xvnr,
954 2590 983 2612 2.
999 2597 1040 2604 —-
1056 2580 1068 2601 ³
1085 2579 1173 2613 lbid.
1192 2580 1227 2620 6,
1244 2586 1277 2614 et
1294 2591 1384 2624 seqq.
