1774 3158
323 200 378 250 46
867 206 897 233 s.
937 206 1126 234 AMBnosn

325 290 444 333 »Non
465 285 631 345 profui,
661 298 796 340 neque
824 283 979 341 profuit
1005 283 1108 325 mihi
1133 283 1352 339 quisquam
1383 297 1393 323 ε
1417 282 1547 324 virtus
1569 297 1661 324 mea

324 382 338 400 n
355 357 570 403 defecit¹.»
585 355 628 397 Si
647 355 771 412 igitur
795 353 926 395 sancti
944 353 1018 394 viri
1035 353 1161 394 vitam
1183 353 1360 409 fugiunt,
1383 367 1562 409 quorum
1580 353 1662 394 vita

325 431 401 474 etsi
421 428 541 471 nobis
561 426 673 468 utilis
691 458 702 474 ,
734 425 812 467 sihi
841 433 979 466 tamen
1002 424 1158 465 inutilis
1185 424 1414 465 aestimatur
1434 457 1444 472 ,
1467 425 1568 481 quid
1587 439 1662 466 nos

324 502 460 543 facere
477 504 644 555 oportet
661 528 672 544 ,
695 495 766 552 qui
789 509 866 535 nec
890 494 975 535 aliis
992 494 1190 550 prodesse
1207 509 1426 550 possumus
1441 501 1456 542 “,
1481 503 1523 536 ct
1543 494 1664 535 nobis

323 572 448 613 vitam
472 569 579 610 hanc
607 566 722 623 quasi
754 564 985 605 foenebrem
1009 564 1231 619 pecuniam
1265 565 1455 605 usurario
1479 565 1661 620 quodam

324 640 494 683 cumulo
518 642 832 694 gravescentem
854 632 1017 675 onerari
1030 633 1070 674 in
1090 633 1175 674 dies
1193 642 1463 689 peccatorum
1481 648 1563 675 aere
1575 648 1665 674 sen-

323 708 479 753 timus?

382 776 562 822 XXXV.
611 771 838 826 «Quotidie
865 771 1066 820 mori0r²,
1083 791 1098 811 »
1122 772 1344 829 Apostolus
1367 773 1480 814 dicit.
1520 772 1666 815 Melius

325 850 485 905 utique,
511 860 634 903 quam
657 844 738 891 illi,
762 842 832 898 qui
849 842 1164 883 meditationem
1187 843 1332 883 mortis
1354 843 1665 900 Philosophiam

325 934 414 962 essc
449 919 643 959 dixerunt
674 914 762 969 (15)
794 911 885 953 :illi
906 911 1017 952 enim
1052 912 1235 952 studium
1259 911 1564 968 praedicarunt,
1599 913 1667 954 hic

326 1002 447 1030 usum
471 987 607 1043 ipsum
629 982 774 1025 mortis
797 981 998 1022 exercuit.
1033 981 1084 1022 Et
1113 981 1170 1022 illi
1199 982 1369 1036 quidem
1393 990 1565 1038 propter
1587 997 1630 1022 se
1655 998 1663 1022 :

325 1057 475 1100 Paulus
491 1063 630 1095 autem
648 1053 735 1109 ipse
747 1052 955 1108 perfectus
967 1051 1226 1091 moriebatur
1243 1065 1326 1091 non
1345 1059 1515 1106 propter
1533 1065 1665 1097 suam,
1709 1088 1713 1096 ,

328 1128 399 1167 sed
421 1132 594 1181 propter
609 1129 796 1163 nostram
819 1119 1120 1160 infirmitatem.
1149 1120 1264 1170 Quid
1286 1128 1424 1180 autem
1443 1129 1506 1161 est
1524 1121 1669 1161 mortis

326 1193 565 1240 meditatio,
597 1191 675 1232 nisi
711 1190 902 1246 quaedam
936 1189 1122 1245 corporis
1155 1197 1196 1230 et
1227 1189 1374 1230 animae
1406 1190 1666 1247 segregati03

326 1265 421 1321 quia
437 1278 550 1304 mors
568 1263 654 1318 ipsa
673 1274 754 1302 non
771 1260 885 1300 aliud
901 1273 1027 1314 quam
1045 1259 1230 1315 corporis
1247 1267 1370 1314 atque
1383 1259 1670 1301 animaeseccs-

329 1337 387 1377 sio
407 1334 604 1376 definitur
622 1332 639 1374 ‘z‘
656 1332 740 1373 Sed
764 1331 843 1372 hoc
867 1331 1098 1371 secundum
1121 1344 1389 1371 communem
1410 1331 1661 1388 opinionem.

384 1402 581 1446 XXXVI.
620 1400 864 1443 Secundum
893 1399 1127 1456 Scripturas
1163 1408 1302 1440 autem
1333 1400 1540 1456 triplicem
1569 1417 1664 1444 esse

328 1483 507 1516 mortem
531 1471 773 1527 accipimus.
801 1470 889 1511 Una
916 1477 977 1510 est
999 1464 1095 1510 cu'm
1118 1471 1322 1510 morimur
1352 1478 1548 1527 peccato,
1582 1472 1669 1513 Deo

329 1545 503 1586 vivimus
521 1542 550 1583 ⁸.
578 1542 704 1584 Beata
727 1540 852 1597 igitur
875 1554 987 1580 mors
1002 1572 1012 1587 ‚
1032 1554 1122 1595 quae
1145 1542 1278 1596 culpae
1301 1542 1441 1597 refuga
1459 1573 1469 1589 ,
1488 1542 1668 1584 Domino

331 1614 468 1656 dedita
489 1644 499 1661 ‚
529 1627 550 1653 a
577 1610 744 1652 mortali
765 1624 841 1651 nos
865 1618 1055 1665 separat,
1082 1609 1307 1650 immortali
1331 1624 1407 1650 nos
1430 1622 1666 1656 consecrat.

331 1685 420 1727 Alia
450 1697 561 1724 mors
592 1690 656 1723 est
685 1681 777 1721 vitae
807 1679 932 1736 hujus
961 1695 1175 1727 excessus,
1200 1695 1281 1736 qua
1303 1689 1493 1722 mortuus
1513 1676 1577 1724 est
1599 1699 1673 1740 pa-

330 1753 511 1797 triarcha
534 1751 744 1794 Abraham
760 1782 771 1798 ,
790 1749 1027 1806 patriarcha
1044 1749 1175 1790 David
1189 1782 1199 1797 ‚
1227 1758 1268 1790 et
1292 1751 1442 1806 sepulti
1461 1760 1558 1793 sunt
1575 1767 1672 1796 cum

330 1823 515 1881 patribus
533 1821 616 1863 suis
631 1853 641 1868 ,
667 1836 763 1862 cum
788 1820 923 1860 anima
945 1834 1053 1860 nexu
1075 1819 1260 1876 corporis
1281 1820 1495 1864 liberatur.
1529 1823 1666 1865 Tertia

330 1908 442 1935 mors
465 1899 524 1933 est
540 1923 549 1938 ‚
584 1891 635 1932 de
657 1905 736 1946 qua
761 1889 918 1930 dictum
947 1897 1009 1930 est
1035 1889 1258 1931 :aDimittc
1282 1899 1468 1933 mortuos
1491 1893 1666 1949 sepelire

328 1971 546 2003 „mortuos
574 1975 669 2001 suos
686 1958 716 2001 ι’.
734 1978 748 1997 n
775 1957 832 1999 Ea
860 1968 994 2000 morte
1021 1974 1103 1999 non
1130 1960 1265 2000 solum
1293 1974 1415 2007 caro,
1448 1961 1519 2001 scd
1545 1961 1671 2004 etiam

331 2034 466 2075 anima
490 2031 670 2073 moritur
693 2030 894 2071 :«Anima
921 2030 1031 2070 enim
1055 2045 1144 2085 quae
1167 2030 1423 2085 peccaverit,
1457 2031 1543 2087 ipsa
1576 2048 1672 2074 mo-

330 2123 344 2142 »
361 2101 531 2144 rictur⁵.
551 2119 564 2138 ι)
578 2100 752 2142 Moritur
768 2099 880 2140 enim
901 2099 1079 2140 Domino
1095 2134 1104 2148 ,
1124 2116 1206 2140 non
1228 2109 1386 2142 naturae
1409 2101 1669 2151 infirmitate,

327 2174 399 2215 sed
421 2173 566 2228 culpae.
598 2170 679 2211 Sed
702 2170 790 2210 haec
814 2184 925 2210 mors
949 2184 1031 2210 non
1058 2170 1292 2225 perfunctio
1312 2171 1437 2226 hujus
1461 2180 1521 2213 cst
1540 2173 1631 2214 vitae
1654 2206 1664 2221 ,

331 2245 403 2285 sed
423 2243 562 2298 lapsus
585 2240 756 2282 erroris.
804 2267 808 2271 -

383 2312 602 2355 XXXVII.
641 2312 729 2353 Una
747 2326 845 2367 ergo
868 2319 929 2352 est
950 2326 1060 2351 mors
1087 2311 1281 2367 spiritalis
1304 2346 1313 2360 ‚
1341 2313 1417 2353 alia
1438 2314 1641 2355 naturalis
1657 2347 1667 2363 ,

331 2383 450 2426 tertia
474 2381 659 2439 pennalis.
687 2381 772 2422 Sed
792 2396 876 2422 non
904 2396 995 2437 quae
1031 2382 1258 2430 naturalis,
1288 2382 1434 2424 cadem
1466 2384 1671 2439 poenalis;

379 2495 387 2509 ι
408 2485 528 2516 Jerem.
544 2494 597 2519 xv,
613 2494 658 2514 10.
673 2501 714 2507 —
731 2492 744 2506 2
768 2485 875 2516 1Cor.
902 2495 955 2523 xv,
972 2485 1022 2516 51,
1044 2503 1083 2509 -.
1107 2487 1119 2507 3
1136 2485 1228 2516 Rom·
1245 2496 1288 2524 Π,
1310 2495 1356 2517 10.
1376 2503 1415 2510 —
1440 2490 1452 2513 ⁴
1468 2487 1587 2519 Mam).
1602 2497 1673 2527 vm,

335 2551 387 2574 22.
403 2557 442 2564 -
454 2539 467 2561 ⁵
490 2538 716 2575 Ezecl1.xv·11,
732 2538 765 2575 4.
