1774 3158
312 216 392 257 158
855 224 887 250 s.
927 224 1117 252 amnaosn

303 322 377 349 nus
406 305 622 361 ingerunt,
661 315 738 343 nec
765 310 919 343 nocent
944 318 954 343 ε
984 301 1042 344 sie
1070 302 1244 343 humani
1281 303 1443 358 generis
1472 304 1646 347 varietas

306 376 427 432 (quia
447 377 497 416 de
517 374 624 414 bove
643 374 692 413 ad
709 372 842 413 Deum
861 387 944 412 non
970 372 1172 427 pertinet)
1198 372 1238 412 in
1256 387 1387 413 unum
1412 374 1644 429 redigetur:

302 446 360 486 sic
381 444 597 485 diversitas
621 442 823 482 natalium
841 441 1000 482 unitate
1019 443 1252 483 concordat
1273 457 1282 482 :
1309 442 1368 483 sic
1385 443 1646 484 conditiones

299 516 460 556 aemulae
482 528 601 569 pares
624 511 892 557 <sincinnium
919 512 1019 552 dum
1043 511 1282 552 moriuntur
1299 526 1372 567 per
1391 511 1647 569 baptismum

298 585 507 626 natalibus
526 582 690 629 mundi,
709 590 750 622 et
764 582 971 622 nobilitati
990 596 1064 637 per
1080 580 1253 638 gratiam
1273 581 1378 621 coelo
1396 591 1643 632 nascuntur,

299 656 467 696 dicente
489 654 607 695 Esaia
630 653 835 709 propheta
856 666 864 691 :
890 669 905 689 (ι
922 652 1031 693 Ecce
1051 666 1163 692 nunc
1183 651 1422 692 dominator
1440 653 1643 694 Dominus

297 744 313 764 ῃ
327 724 511 767 Sabaoth
530 722 800 765 conturbabit
816 722 1017 778 gloriosos
1032 736 1127 762 cnm
1148 721 1320 769 virtute,
1336 729 1375 762 et
1394 722 1466 777 qui
1480 722 1647 778 superbi

296 805 422 839 nsunt
453 793 707 836 contumelia
732 801 1020 839 conterentur,
1051 800 1091 832 et
1126 791 1479 838 humiliabuntur,
1508 800 1550 832 et
1585 807 1649 833 ca-

296 869 426 908 »dent
447 864 596 907 excelsi
615 863 751 919 gladio
775 876 784 903 ε
808 862 990 903 Libanus
1013 877 1109 902 vero
1127 877 1224 903 cum
1249 862 1338 902 altis
1360 861 1520 903 cadet¹.
1546 861 1644 903 Fre-

294 944 472 994 quenter
501 935 708 977 Libanum
739 941 925 973 montem
946 964 955 979 ,
983 941 1024 973 et
1056 934 1280 973 cedrorum
1308 931 1398 987 ejus
1424 931 1647 973 cacumina

294 1021 423 1061 regno
446 1004 662 1045 mundano
685 1009 901 1057 comparat
927 1001 1102 1057 ejusque
1134 1001 1392 1058 principibus
1421 1016 1558 1041 sermo
1590 1001 1647 1041 di-

295 1077 441 1122 vinus3
462 1075 576 1129 quod
599 1086 775 1127 regnum
797 1070 975 1126 ejusque
997 1071 1210 1112 ministros
1227 1071 1431 1112 Dominus
1450 1070 1641 1112 Christus

295 1161 369 1186 sua
386 1143 577 1200 passione
596 1140 751 1196 dejecit
771 1147 812 1180 et
829 1140 989 1195 pressit.
1018 1139 1069 1179 Et
1088 1154 1140 1180 ne
1160 1154 1236 1180 nos
1260 1148 1491 1180 tractorum
1509 1139 1642 1180 diver-

296 1216 392 1257 sitas
415 1211 706 1270 perturbaret,
738 1208 866 1264 ipsius
901 1208 1070 1248 Domini
1104 1207 1257 1249 Christi
1297 1223 1544 1264 personam,
1576 1208 1646 1264 qui

296 1285 387 1326 haec
415 1281 555 1323 omnia
581 1288 690 1321 esset
712 1286 1082 1320 consummaturus
1100 1297 1129 1325 ,ο
1147 1278 1367 1333 designans
1401 1278 1510 1319 idem
1547 1277 1646 1318 Pro-

295 1354 420 1410 pheta
443 1349 682 1405 suhjnnxit,
703 1356 750 1389 ut
767 1348 929 1389 diceret
949 1362 958 1387 z
975 1364 991 1385 ι
1009 1347 1129 1387 Exiet
1149 1347 1257 1403 virga
1281 1348 1334 1388 de
1354 1346 1496 1387 radice
1512 1345 1645 1391 Jesse,

297 1433 368 1466 »et
403 1423 480 1464 ssos
514 1423 564 1462 de
597 1419 740 1461 radice
770 1417 862 1474 ejus
896 1418 1106 1458 ascendet.
1131 1434 1145 1454 ι)
1169 1417 1301 1458 Radix
1331 1416 1477 1472 utique
1514 1415 1647 1457 David

295 1491 542 1549 significavit
564 1502 810 1546 personam,
833 1501 883 1527 ex
905 1485 1025 1541 cujus
1045 1486 1203 1527 semine
1219 1485 1411 1527 Christus
1435 1492 1497 1526 est
1519 1492 1642 1526 natus

293 1564 335 1605 in
360 1577 510 1609 carne,
535 1560 605 1617 qui
627 1575 677 1600 ex
700 1557 826 1615 patris
847 1556 907 1598 sni
930 1556 1046 1597 <lesse
1074 1556 1227 1597 lumbis
1265 1570 1491 1612 erumpens
1513 1569 1646 1610 usque

295 1635 344 1674 ad
361 1632 509 1673 ssorem
528 1628 760 1671 Dominicae
776 1626 1001 1667 nativitatis
1020 1626 1196 1667 carnalis
1218 1625 1403 1681 porrexit
1422 1624 1638 1681 originem.

292 1702 484 1757 Denique
505 1700 563 1741 sic
588 1698 764 1754 adjecit,
793 1705 840 1737 ut
861 1696 1033 1740 diceret.
1064 1712 1078 1732 «
1100 1695 1352 1750 Requiescet
1373 1695 1413 1735 in
1437 1709 1488 1735 eo
1510 1693 1644 1750 Spiri-

293 1781 388 1814 »tus
408 1771 507 1819 Dei,
539 1769 709 1826 spiritus
731 1765 968 1822 sapientire,
995 1773 1036 1806 et
1062 1766 1322 1812 intellectus,
1347 1764 1516 1821 spiritus
1540 1778 1644 1805 con-

293 1842 401 1885 »silii
429 1849 472 1882 et
494 1839 681 1888 virtutis,
714 1837 883 1893 spiritus
915 1835 1165 1891 cognitionis
1186 1843 1229 1875 et
1250 1834 1438 1891 pietatis,
1465 1834 1645 1890 replebit

293 1928 418 1955 »eum
442 1910 610 1968 spiritus
634 1907 767 1950 sancti
796 1906 956 1947 timoris
975 1905 1063 1947 Dei.
1089 1924 1103 1944 r>
1127 1907 1176 1946 Et
1205 1912 1251 1945 ut
1282 1904 1463 1960 apertius
1498 1903 1644 1944 Chris-

293 1993 382 2026 tum
412 1979 585 2035 intelligi
607 1985 803 2034 oportere
826 1983 1107 2024 monstraret,
1141 1973 1425 2031 prosequitur,
1462 1972 1605 2013 dicens
1629 1986 1639 2012 τ

305 2071 320 2092 α
336 2053 428 2096 Non
465 2050 697 2092 secundum
739 2046 913 2102 gloriam
948 2044 1179 2100 judicabit,
1224 2058 1364 2099 neque
1406 2043 1642 2083 secundum

289 2121 603 2178 »eloquentiam
622 2118 869 2172 redarguet3
893 2116 965 2156 sed
990 2114 1195 2170 judicabit
1218 2113 1368 2154 humili
1393 2112 1575 2168 judicio,
1601 2120 1643 2154 et

291 2193 544 2248 »redarguet
573 2186 774 2244 gloriosos
806 2192 950 2231 terrae,
991 2191 1033 2225 et
1064 2183 1273 2239 percutiet
1314 2191 1469 2224 terram
1511 2181 1640 2223 verbo

292 2263 404 2305 »oris
435 2260 522 2312 sui,
557 2266 599 2299 et
628 2255 777 2313 spiritu
808 2268 883 2310 per
903 2252 1012 2295 labia
1038 2251 1263 2294 interficiet
1289 2251 1466 2308 impium
1483 2250 1526 2298 ²3
1547 2269 1562 2288 υ
1590 2263 1640 2291 eo

292 2332 452 2376 scilicet
472 2328 601 2371 verbo
615 2360 625 2376 ‚
652 2334 693 2367 et
713 2324 922 2367 labiorum
946 2322 1214 2379 aspiratione,
1241 2336 1322 2378 qua
1345 2320 1448 2362 dixit
1468 2334 1478 2362 :
1495 2337 1512 2356 «
1526 2319 1641 2361 Prin·

290 2424 307 2444 n
319 2404 481 2461 cipatus
499 2399 625 2456 hujus
641 2396 806 2443 mundi,
825 2395 887 2450 (id
899 2402 962 2435 est
978 2393 1234 2448 dominatus)
1249 2392 1440 2433 mittetur
1451 2389 1550 2432 foris
1563 2388 1592 2430 ³.
1612 2407 1627 2428 n

287 2476 351 2519 De
369 2472 615 2530 quoiterum
633 2484 642 2510 z
659 2486 673 2504 «
690 2466 813 2508 Venit
828 2464 1084 2522 principatus
1101 2461 1265 2509 mundi,
1288 2470 1329 2503 et
1350 2475 1437 2503 non
1451 2458 1634 2501 inveniet

342 2563 564 2600 1153'1·‚x‚53,
586 2560 638 2597 54.
667 2578 701 2583 -
720 2567 732 2582 2
751 2557 803 2589 ld.
821 2566 868 2594 xi,
897 2555 963 2592 1-4.
993 2572 1025 2578 -
1053 2556 1066 2577 ³
1083 2554 1252 2590 Joan-xu,
1269 2552 1320 2585 51.
