1774 3158
327 229 378 270 82
872 240 903 267 s.
944 237 1134 267 sunnosn

319 336 334 357 1>
350 332 445 359 nom
468 317 700 373 lacrymam
722 315 774 357 de
801 315 932 357 oculis
956 330 1103 356 eorum
1120 346 1130 364 ‚
1156 322 1197 356 et
1226 327 1340 355 mors
1365 328 1449 354 non
1483 308 1562 355 erit
1585 325 1674 354 am-

321 406 337 427 »
350 387 479 444 plius,
505 401 640 442 neque
667 387 831 435 luctus,
866 401 1002 443 neque
1025 387 1209 434 clamor,
1239 399 1376 441 neque
1410 384 1532 427 dolor
1565 385 1673 426 ultra

327 475 343 498 1)
356 457 447 500 rit¹.
463 476 478 497 »

381 527 571 570 CXXIV.
611 527 816 584 Compara
852 541 991 576 nunc,
1024 527 1055 568 si
1092 528 1253 583 placet,
1296 533 1418 581 atque
1456 525 1668 566 contende

322 597 447 640 vitam
474 598 582 639 hanc
607 612 703 639 cum
737 598 802 638 illa
838 597 946 643 vita3
974 606 1016 638 et
1038 597 1162 651 elige,
1194 596 1226 636 si
1253 603 1388 651 pote5‚
1422 604 1671 651 perpetuam

321 668 509 724 corporis
534 668 658 709 vitam
685 667 725 708 in
753 668 895 708 labore
918 680 1189 721 aerumnaque
1212 665 1437 706 miserabili
1463 674 1672 706 tantarum
1721 672 1725 679 '

323 738 718 785 commutationum,
744 747 1018 792 votorumque
1043 736 1183 786 medio,
1204 735 1366 776 fastidio
1390 735 1669 790 voluptatum.

319 809 468 850 Nonne
489 809 521 850 si
543 809 653 850 Deus
681 809 756 850 ista
783 817 1033 864 perpetuare
1061 807 1157 849 velit
1176 838 1186 854 ‚
1213 807 1282 848 illa
1309 805 1542 861 deligeres?
1568 805 1672 847 Nam

318 881 350 920 si
379 895 451 936 per
480 894 522 920 se
554 879 637 935 ipsa
668 879 746 920 vila
772 878 968 935 fugienda
991 886 1078 925 est,
1102 885 1149 917 ut
1172 877 1222 918 sit
1246 876 1531 917 molestiarum
1559 876 1670 931 suga,

318 951 483 1006 requies
514 964 821 996 aerumnarum3
855 958 1010 1005 quanto
1047 948 1177 1004 magis
1205 963 1250 988 ea
1281 947 1443 1002 requies
1464 955 1526 987 est
1554 961 1674 1002 expe-

318 1023 459 1069 tenda,
486 1021 553 1063 cui
575 1021 725 1062 suturae
747 1019 1066 1061 resurrectionis
1092 1021 1282 1075 voluptas
1300 1026 1500 1074 perpetua
1528 1031 1672 1058 succe-

317 1092 513 1133 det:ubi
550 1092 663 1132 nulla
704 1091 931 1132 criminum
971 1089 1114 1136 series,
1154 1090 1268 1130 nulla
1312 1088 1507 1129 illecebra
1541 1087 1673 1128 delic-

315 1161 486 1203 torum?

370 1229 541 1272 CXXV.
580 1229 682 1280 Quis
707 1228 748 1269 in
776 1230 921 1271 dolore
947 1237 1034 1271 tam
1058 1228 1245 1285 patiens,
1270 1227 1340 1283 qui
1372 1241 1455 1269 non
1483 1234 1666 1269 mortem

315 1300 436 1343 oret?
459 1300 550 1356 quis
574 1300 615 1341 in
638 1298 885 1341 infirmitate
903 1308 988 1341 tam
1009 1308 1221 1347 constans,
1244 1307 1289 1339 ut
1311 1313 1395 1340 non
1425 1306 1544 1354 optet
1566 1296 1671 1339 mori

314 1386 358 1412 se
393 1370 555 1428 potius,
589 1384 715 1426 quam
752 1370 933 1412 debilem
969 1369 1137 1411 vivere?
1173 1370 1264 1426 quis
1298 1369 1339 1410 in
1372 1383 1555 1410 moerore
1589 1377 1674 1409 tam

316 1442 449 1490 sortis,
471 1450 515 1483 ut
538 1456 622 1482 non
641 1441 849 1482 desideret
868 1456 917 1481 eo
937 1456 980 1482 se
998 1442 1061 1482 vel
1084 1440 1304 1481 moriendo
1323 1437 1525 1495 defungi?
1548 1438 1674 1489 Quod

318 1513 350 1554 si
368 1513 444 1568 ipsi
464 1511 583 1553 nobis
602 1513 702 1553 dum
722 1512 913 1559 vivimus,
937 1512 1222 1568 displicemus,
1248 1526 1344 1552 cum
1365 1510 1529 1552 vivendi
1548 1508 1673 1551 finem

316 1583 548 1639 praestitum
563 1597 653 1623 esse
673 1582 940 1629 noverimus;
966 1592 1123 1638 quanto
1143 1583 1321 1639 amplius
1341 1582 1433 1624 vitae
1456 1595 1530 1622 nos
1549 1581 1675 1622 taede-

318 1662 383 1696 ret
402 1653 536 1703 istius,
554 1654 587 1694 si
604 1652 692 1694 sine
710 1652 794 1693 fine
817 1652 980 1694 futuros
1003 1653 1122 1695 nobis
1146 1654 1311 1695 labores
1334 1652 1464 1708 hujus
1486 1651 1674 1709 corporis

318 1722 617 1765 cerneremus?
641 1722 745 1774 Quis
767 1731 829 1764 est
851 1723 977 1779 igitur
999 1723 1069 1779 qui
1092 1739 1136 1765 se
1165 1724 1262 1765 velit
1285 1723 1431 1764 mortis
1453 1720 1674 1765 exortem?

318 1795 402 1837 Aut
435 1794 536 1849 quid
570 1793 734 1849 gravius
772 1792 1089 1835 immortalitate
1121 1792 1382 1834 miserabili?
1406 1810 1420 1830 α
1447 1792 1489 1833 Si
1520 1791 1561 1833 in
1594 1791 1674 1832 hac

319 1885 335 1906 »
352 1866 448 1913 vita,
478 1865 628 1920 inquit,
656 1864 697 1905 in
723 1863 890 1905 Christo
921 1871 1085 1905 tantum
1117 1872 1330 1920 sperantes
1357 1877 1517 1911 sumus,
1547 1862 1674 1903 mise-

321 1935 568 1977 »rabiliores
599 1949 743 1976 sumus
775 1935 971 1976 omnibus
1004 1933 1299 1982 hominibus²;
1330 1953 1343 1972 n
1368 1948 1452 1974 non
1483 1932 1600 1988 quod
1631 1931 1672 1973 in

326 2007 492 2049 Christo
522 2021 691 2063 sperare
718 2006 769 2048 sit
797 2006 1021 2058 miserum,
1045 2005 1117 2046 sed
1139 2005 1233 2060 quia
1258 2004 1449 2046 Christus
1474 2004 1668 2060 speranti-

324 2078 403 2121 bus
431 2078 473 2119 in
494 2092 538 2119 se
559 2077 687 2118 vitam
712 2078 884 2118 alteram
907 2076 1217 2133 praeparaverit.
1247 2076 1346 2118 Haec
1368 2075 1480 2118 enim
1498 2083 1672 2132 peccato

327 2149 506 2192 obnoxia
523 2157 600 2196 est,
622 2148 690 2189 illa
708 2147 880 2204 praemio
903 2155 1127 2189 reservata.
1489 2146 1493 2150 ”

384 2218 573 2262 CXXVI.
614 2218 726 2274 Ipsos
751 2232 897 2259 cursus
923 2218 1069 2260 breves
1095 2225 1334 2258 nostrarum
1356 2225 1527 2260 aetatum
1545 2232 1672 2274 quan-

326 2302 417 2336 tum
450 2291 640 2332 videmus
675 2289 797 2332 nobis
832 2287 980 2330 afferre
1016 2287 1258 2330 fastidium?
1287 2288 1396 2330 Puer
1426 2288 1671 2330 adolescen-

326 2364 427 2406 tiam
466 2361 698 2407 desiderat,
737 2360 979 2401 adolescens
1017 2373 1145 2400 annos
1181 2358 1259 2400 sibi
1296 2358 1466 2414 majoris
1498 2359 1672 2401 metitur

325 2434 474 2481 aetatis,
505 2431 668 2487 juvenis
699 2429 906 2472 beneficio
936 2430 1009 2471 aevi
1039 2428 1226 2471 ssorentis
1261 2429 1463 2486 ingratus,
1496 2430 1670 2473 senilem

324 2502 690 2548 honorificentiam
715 2500 988 2558 concupiscit.
1017 2501 1076 2543 lta
1100 2500 1296 2545 omnibus
1315 2515 1366 2544 ex
1387 2507 1537 2542 natura
1558 2500 1670 2542 venit

368 2593 378 2609 ¹
397 2586 494 2617 Cant,
512 2594 580 2622 xxi,
595 2582 628 2623 3,
646 2582 677 2620 4.
697 2600 735 2607 --
756 2592 768 2607 ⁸
791 2593 801 2613 ι
815 2581 891 2613 Cor.
912 2591 965 2620 xv,
987 2591 1036 2622 ¹9·
