1774 3158
311 201 400 253 450
862 210 896 240 s.
933 210 1126 240 amnnosn

314 290 523 349 plebeiam
545 286 828 344 insipientiam
850 287 993 344 vigore
1014 289 1185 345 proprio
1208 298 1380 346 regant3
1403 298 1451 332 ut
1469 290 1668 348 potentiae

315 361 457 420 specie
481 360 770 406 dominentur,
801 374 884 415 quo
909 360 972 402 vel
994 359 1149 401 invitos
1172 360 1422 402 auctoritate
1452 362 1668 418 potestatis

317 430 545 487 subjiciant
569 429 620 471 ad
640 429 927 471 obediendum
952 429 1325 487 prudentioribus,
1366 439 1407 472 et
1436 432 1669 488 obsequen·

317 501 417 544 dum
436 499 613 558 legibus.
647 499 853 557 Imposuit
875 500 1000 556 igitur
1023 500 1234 557 insipienti
1252 502 1365 543 velut
1383 501 1586 544 indomito
1609 502 1672 559 ju·

314 588 440 630 gum,
465 573 592 614 etcui
616 572 658 613 in
684 571 824 628 gladio
853 586 929 614 suo
951 572 1176 614 vivendum
1205 572 1396 622 dixerat,
1431 573 1670 616 libertatem

316 643 506 702 negavit;
527 658 580 685 ne
601 643 839 685 temeritate
857 643 1094 692 laberetur,
1119 642 1305 699 praefecit
1327 644 1362 685 ei
1382 643 1552 686 fratrem
1567 678 1578 694 ,
1600 660 1672 687 cu-

317 714 384 772 jus
407 714 658 765 auctoritate
692 722 734 755 et
771 713 1066 754 moderatione
1101 711 1319 768 subjectus
1354 713 1580 770 proficeret
1621 715 1674 757 ad

319 783 655 828 conversionem.
689 783 743 825 Et
777 783 874 839 quia
911 783 1086 824 servitus
1110 782 1237 824 habet
1258 784 1555 826 discretionem
1586 787 1673 839 (est

316 854 429 896 enim
451 853 710 895 necessitatis
745 852 976 901 infirmior,
1007 853 1234 894 voluntatis
1257 853 1426 902 sortior3
1458 855 1553 910 quia
1577 855 1674 911 pul-

319 925 463 966 chrius
486 932 551 965 est
571 923 760 970 bonum,
799 924 913 978 quod
935 938 1021 964 non
1043 939 1094 964 ex
1122 924 1369 965 necessitate
1402 923 1473 972 fit,
1512 926 1585 966 sed
1624 939 1673 967 ex

318 995 560 1049 voluntate)
589 994 684 1035 ideo
712 993 750 1035 ei
783 993 921 1049 primo
958 993 1105 1050 jugum
1139 993 1340 1050 imposuit
1375 996 1637 1037 necessitatis
1660 1029 1670 1045 ,

323 1073 469 1123 postea
481 1063 870 1106 benedictionemei
881 1063 1125 1105 voluntaria>
1138 1063 1413 1117 subiectionis
1427 1064 1669 1121 impertivit.

376 1135 451 1178 IX.
489 1135 580 1178 Non
604 1134 734 1191 igitur
755 1142 905 1176 natura
939 1149 1107 1176 servum
1138 1135 1260 1184 facit,
1303 1137 1375 1178 sed
1399 1126 1672 1194 insipientis:

322 1220 403 1248 nec
425 1204 700 1247 manumissio
722 1205 930 1253 liberum,
968 1207 1041 1247 sed
1079 1206 1313 1263 disciplina.
1341 1206 1532 1263 Denique
1565 1208 1676 1249 Esaii

318 1275 427 1317 liber
449 1283 572 1316 natus
591 1283 678 1323 est,
714 1283 756 1316 et
788 1290 932 1317 servus
955 1275 1090 1317 sactus
1111 1285 1175 1318 est
1202 1291 1211 1317 :
1236 1277 1390 1334 Josep'n
1411 1279 1607 1320 venditus
1633 1279 1674 1320 in

323 1346 570 1388 servitutem
602 1354 696 1394 est,
736 1354 779 1388 et
816 1346 978 1387 electus
1006 1353 1068 1388 est
1103 1346 1156 1388 ad
1193 1355 1474 1403 potestatem3
1504 1355 1550 1389 ut
1590 1349 1676 1389 suis

322 1415 587 1472 emptoribus
620 1415 890 1472 imperaret¹.
932 1416 1024 1459 Non
1047 1416 1354 1472 dedignabatur
1385 1426 1526 1460 tamen
1553 1418 1678 1460 obse-

323 1486 468 1542 quium
493 1486 727 1527 sedulitatis
743 1517 754 1534 ,
778 1486 854 1527 sed
874 1486 1047 1528 tenebat
1067 1486 1232 1528 virtutis
1255 1487 1462 1544 fastigium
1478 1521 1488 1536 ‚
1510 1501 1678 1531 conser-

324 1557 448 1599 vabat
484 1556 726 1599 libertatem
766 1555 1047 1604 innocentiae,
1083 1557 1333 1614 integritatis
1363 1559 1672 1601 auctoritatem.

326 1628 446 1669 Unde
470 1626 646 1683 pulchre
670 1627 887 1669 Psalmista
913 1627 969 1669 ait
1001 1642 1042 1668 :a
1061 1627 1108 1669 In
1127 1643 1294 1670 servum
1317 1631 1595 1672 venumdatus
1617 1638 1680 1672 est

327 1697 514 1754 »Joseph
539 1712 547 1737 :
570 1696 900 1739 humiliaverunt
924 1697 964 1738 in
987 1698 1264 1755 compedibus
1300 1702 1429 1757 pedes
1463 1701 1597 1758 ejus².
1632 1702 1681 1744 In

328 1781 522 1808 »servum
542 1799 553 1815 ,
581 1766 738 1822 inquit,
777 1769 1061 1809 venumdatus
1093 1777 1181 1818 est,
1205 1787 1220 1808 ι)
1253 1785 1338 1811 non
1361 1786 1504 1813 servus·
1525 1771 1676 1815 sactus.

339 1837 707 1880 «Humiliaverunt
737 1839 865 1894 pedes
891 1838 983 1894 ejus
999 1871 1010 1887 ‚
1029 1858 1043 1877 »ι
1059 1853 1142 1880 non
1169 1839 1350 1883 animam
1372 1841 1477 1898 ejus.

387 1907 443 1950 X.
482 1907 709 1958 Quomodo
732 1907 844 1948 enim
868 1908 1084 1950 humiliata
1106 1917 1168 1951 est
1192 1911 1328 1952 anima
1344 1943 1354 1960 ‚
1376 1913 1426 1953 de
1448 1927 1528 1969 qua
1547 1913 1677 1956 dicit:

341 1980 551 2021 «Ferrum
586 1978 856 2036 pertransivit
894 1979 1031 2020 anima
1068 1979 1214 2036 ejuSP»
1247 1982 1351 2024 Nam
1375 1998 1473 2024 cum
1504 1985 1682 2027 aliorum

333 2049 490 2092 animas
516 2057 742 2107 peccatum
775 2057 961 2090 transeat
987 2050 1168 2106 (serrum
1193 2052 1304 2093 enim
1333 2061 1557 2109 peccatum
1592 2062 1680 2107 est,

334 2121 447 2176 quod
481 2127 544 2161 est
562 2119 837 2176 penetrabile)
863 2119 1022 2177 Josoph
1045 2120 1177 2163 sancti
1203 2122 1337 2164 anima
1365 2124 1418 2164 ita
1442 2139 1525 2166 non
1548 2125 1684 2182 patuit

334 2199 526 2248 peccato,
551 2199 598 2232 ut
619 2190 749 2247 magis
776 2199 998 2247 peccatum
1022 2190 1107 2248 ipsa
1130 2202 1382 2249 penetraret.
1402 2195 1592 2252 Denique
1606 2212 1683 2240 nec

335 2260 477 2303 herilis
509 2260 718 2303 illecebrae
751 2259 882 2302 ssexus
915 2269 977 2302 est
1014 2262 1318 2312 delinimento,
1355 2279 1434 2306 nec
1471 2265 1682 2309 immerito

336 2404 486 2446 ardore
510 2403 667 2459 gratiae.
703 2403 823 2445 Unde
848 2412 891 2445 et
918 2403 1001 2445 hoc
1029 2405 1206 2460 pulchre
1231 2408 1283 2449 de
1316 2421 1367 2449 eo
1394 2408 1555 2453 dictum
1583 2419 1646 2455 est
1669 2427 1680 2455 ε

378 2525 387 2540 ¹
409 2514 493 2548 Gen.
510 2526 635 2555 xxxvii,
656 2515 708 2556 28,
724 2520 758 2549 et
774 2526 843 2554 xm,
856 2516 913 2555 [μ.
928 2535 966 2543 -
988 2527 1000 2543 ·
1015 2517 1101 2552 Psal.
1117 2528 1184 2560 cuv,
1205 2519 1256 2551 18.
