1774 3158
345 245 391 269 bij
426 241 548 268 OBITU
584 241 881 270 VALENTINIANI
918 243 1189 272 CONSOLATIO.
1355 245 1437 285 107

94 338 143 365 ex
164 321 412 363 revelatione
441 321 653 377 cognovit,
686 319 876 361 emeruit.
911 320 1057 367 Solve,
1089 321 1285 378 inquam,
1315 337 1435 365 servo

94 403 164 435 tuo
192 391 479 434 Valentiniano
504 406 653 431 munus
674 423 683 437 ,
712 390 823 445 quod
844 391 1085 446 concupivit
1111 406 1119 431 ε
1150 406 1304 433 munus
1328 393 1442 448 quod

93 462 282 520 poposcit
312 477 434 502 sanus
453 493 461 506 ,
490 461 710 507 robustus,
744 460 981 500 incolumis.
1015 459 1055 501 Si
1079 460 1252 502 affectus
1280 462 1442 518 mgritu-

93 532 189 574 dine
207 532 454 577 distulissem
477 540 715 571 tamennon
730 530 895 586 penitus
911 544 929 569 a
951 537 1019 570 tua
1039 529 1319 571 misericordia
1336 539 1443 572 esset

94 603 250 644 alienus
267 634 276 647 ‚
299 601 370 657 qni
391 601 605 641 celeritate
623 600 823 655 temporis
849 608 971 647 esset,
998 614 1080 641 non
1104 600 1317 642 voluntate
1339 602 1446 643 frau-

94 673 225 713 datus.
256 671 378 712 Solve
400 685 498 727 ergo
522 686 639 711 servo
667 679 736 711 tuo
756 685 910 711 munus
933 669 1073 727 gratiae
1098 677 1176 711 tuce
1193 703 1202 718 ,
1229 685 1352 725 quam
1377 672 1443 713 ille

92 756 308 797 nunquam
338 740 528 797 negavit,
555 740 624 796 qni
654 748 746 781 anto
772 740 882 781 diem
912 739 1058 780 mortis
1084 739 1336 796 templorum
1360 740 1443 796 pri-

92 811 238 868 vilegia
263 810 506 867 denegavit,
536 810 600 851 his
631 810 900 866 urgentibus,
945 823 1047 865 quos
1076 809 1257 850 revereri
1288 817 1439 865 posset.

92 879 265 923 Astabat
290 880 478 921 virorum
503 888 669 921 caterva
693 880 935 937 gentilium,
959 879 1220 936 supplicabat
1244 888 1410 921 senatus
1431 894 1440 920 :

93 965 177 992 non
204 951 419 992 metuebat
442 950 685 992 hominibus
711 951 957 1007 displicere,
989 959 1035 992 ut
1064 950 1139 991 tibi
1164 949 1238 991 soli
1262 951 1445 1007 placeret

94 1019 134 1060 in
172 1019 352 1062 Christo.
393 1020 477 1071 Qui
519 1021 663 1062 habuit
694 1019 896 1078 Spiritum
935 1028 1080 1069 tuum,
1114 1020 1326 1076 quomodo
1361 1035 1444 1062 non

94 1089 260 1146 accepit
282 1090 459 1146 gratiam
484 1089 629 1131 tuam?

152 1159 259 1201 LIII.
297 1159 385 1201 Aut
411 1159 444 1200 si
479 1159 575 1216 quia
602 1159 845 1201 solemniter
870 1174 954 1201 non
978 1168 1075 1202 sunt
1107 1160 1313 1202 celebrata
1338 1174 1447 1216 mys-

98 1229 200 1270 teria
217 1262 227 1278 ,
251 1231 331 1273 hoc
348 1240 494 1273 movet
515 1246 524 1272 ε
547 1246 645 1288 ergo
663 1246 741 1273 nec
760 1230 977 1288 Martyres,
997 1231 1029 1272 si
1050 1231 1341 1273 catechumeni
1362 1231 1448 1272 fue-

98 1300 198 1349 rint,
219 1311 499 1350 coronentur3
521 1317 606 1343 non
625 1302 735 1343 enim
760 1310 1033 1351 coronantur,
1055 1302 1086 1343 si
1104 1317 1187 1343 non
1212 1302 1441 1344 initiantur.

99 1372 226 1424 Quod
249 1373 279 1414 si
301 1388 377 1415 suo
401 1374 632 1415 abluuntur
649 1373 866 1430 sanguine,
885 1381 926 1415 et
943 1373 1057 1415 hunc
1075 1389 1146 1415 sua
1168 1373 1299 1430 pietas
1317 1372 1448 1414 abluit

97 1450 137 1484 et
160 1444 348 1486 voluntas
363 1444 468 1499 (41).

154 1514 256 1557 LIV.
283 1515 343 1557 Ne
366 1530 505 1572 quaeso
525 1529 645 1562 oum,
660 1514 862 1563 Domine,
890 1530 910 1556 a
932 1514 1056 1556 fratre
1076 1514 1449 1573 sejungasmecju·

98 1600 193 1642 gum
213 1585 295 1626 hoc
318 1585 394 1642 piae
407 1585 691 1641 germanitatis
702 1585 875 1642 patiaris
898 1585 1106 1642 abrumpi.
1127 1586 1203 1628 Hic
1225 1587 1414 1643 tuusjam
1435 1620 1445 1636 ,

98 1663 139 1697 et
156 1664 227 1696 tuo
250 1655 406 1709 judicio
429 1656 688 1704 vindicatus,
714 1655 977 1712 periclitatur
1000 1656 1176 1712 amplius
1199 1657 1447 1707 Gratianus,

98 1725 129 1768 si
162 1733 378 1782 separetur
399 1741 420 1767 a
446 1725 597 1774 fratre,
625 1726 656 1767 si
686 1741 771 1768 non
795 1735 1007 1768 mereatur
1029 1742 1116 1769 esse
1141 1742 1238 1769 cum
1264 1743 1339 1778 eo,
1374 1743 1449 1785 per

98 1809 222 1850 quem
247 1795 400 1836 meruit
428 1795 646 1837 vindicari.
677 1796 792 1847 Quas
815 1796 883 1837 ille
907 1811 1023 1838 nunc
1046 1811 1195 1839 manus
1217 1799 1269 1840 ad
1288 1806 1351 1847 te,
1380 1799 1451 1841 Pa-

100 1873 162 1906 ter
179 1898 188 1911 ‚
218 1864 370 1921 erigit?
390 1880 491 1920 quas
517 1881 591 1921 pro
615 1866 742 1907 fratre
761 1881 909 1922 preces
928 1866 1097 1909 fundit?
1115 1883 1196 1923 quo
1219 1868 1256 1910 ei
1276 1868 1450 1911 inhaeret

101 1933 325 1990 amplexu?
349 1936 708 1990 quemadmodum
732 1936 812 1978 sibi
835 1952 931 1978 eum
953 1952 1037 1978 non
1064 1938 1222 1994 patitur
1245 1939 1392 1981 avelli?

155 2002 237 2045 LV.
275 2002 404 2044 Adest
432 2004 556 2045 etiam
588 2014 727 2061 pater,
752 2006 822 2062 qui
843 2006 1031 2050 militiam
1056 2009 1132 2050 sub
1160 2008 1447 2063 Juliano(42),

99 2081 142 2114 et
164 2073 404 2115 tribunatus
423 2074 606 2116 honores
630 2075 726 2117 fidei
746 2092 888 2118 amore
911 2078 1178 2135 contempsit.
1206 2079 1323 2121 Dona
1346 2079 1451 2137 patri

100 2142 257 2191 filium,
283 2143 397 2185 fratri
422 2160 668 2200 germanum
692 2162 812 2187 suum
833 2178 843 2194 ‚
869 2162 1048 2203 quorum
1074 2158 1300 2204 utrumque
1322 2149 1453 2191 imita-

102 2223 168 2255 tus
199 2222 261 2255 est
293 2230 302 2254 :
335 2216 512 2255 alterum
547 2214 658 2264 side,
689 2217 865 2257 altorum
898 2217 1120 2259 devotione
1143 2218 1300 2274 pariter
1332 2227 1455 2275 atque

99 2284 253 2341 pietate
283 2284 325 2325 in
356 2285 613 2341 templorum
639 2287 862 2344 privilegiis
896 2288 1167 2345 denegandis.
1198 2289 1319 2341 Quod
1345 2290 1450 2347 patri

102 2354 315 2403 defuerat,
341 2355 532 2411 adjunxit
555 2371 563 2397 :
587 2359 701 2413 quod
718 2357 845 2399 frater
868 2359 1090 2401 constituit
1106 2393 1116 2408 ,
1140 2360 1377 2403 custodivit.
1404 2361 1455 2402 Et

101 2425 200 2466 huic
223 2425 361 2467 adhuc
389 2425 734 2470 intercessionem
768 2428 949 2477 ascisco,
976 2430 1044 2471 cui
1070 2431 1453 2474 remunerationem

100 2497 334 2553 praesumol

148 2565 254 2609 LVI.
273 2566 379 2608 Date
392 2566 584 2609 manibus
595 2576 738 2610 sancta
752 2557 1047 2627 mysteriafflli)
1060 2603 1071 2619 ,
1088 2571 1156 2629 pio
1166 2571 1453 2629 requiemejus
