1774 3158
227 209 312 262 504
732 226 1066 256 ANNOTATIONES.

224 302 434 352 divinam3
464 317 513 344 ex
543 318 623 360 qua
650 303 913 361 ingeniorum
945 306 1078 348 oritur
1101 307 1330 351 diversitas.
1371 308 1448 351 Per
1479 316 1572 363 ὅρους

224 386 322 413 vero
357 374 406 414 de
436 374 588 430 quibus
612 374 732 422 infra,
770 390 854 416 non
887 385 1048 418 tantum
1074 389 1280 421 accuratae
1309 379 1574 421 definitiones

226 441 522 499 intelligendae‚
541 445 615 486 sed
651 445 775 489 etiam
796 446 987 489 sormulae
1015 462 1062 490 ac
1098 449 1212 490 modi
1241 464 1401 498 omnes,
1426 450 1577 506 quibus

225 511 439 569 quidpiam
462 515 573 556 clare
599 516 833 571 exponitur.

583 666 828 695 ΑΝΝοΤΔΤΙο
868 654 954 710 (88)
993 670 1083 712 pag.
1128 670 1222 711 229.

284 784 474 841 Aquileia
507 785 579 828 uhi
612 786 752 828 habita
790 787 867 830 fuit
904 804 951 830 ea
982 789 1196 846 Synodus,
1233 791 1490 838 Carnorum,
1534 801 1579 833 ut

227 856 421 899 observat
443 857 605 906 Binius,
630 861 874 916 metropolis
899 870 1002 909 erat,
1033 871 1075 904 et
1096 863 1146 904 ab
1175 863 1291 918 aquis
1313 863 1497 920 legendis
1519 865 1578 906 sic

228 927 537 970 dicebatur:de
571 944 651 984 qua
686 929 797 971 idem
830 932 1020 987 pluscula
1056 933 1171 973 addit
1201 933 1242 974 in
1274 934 1382 975 notis
1414 935 1497 975 suis
1529 934 1580 975 ad

227 996 337 1038 hanc
353 996 585 1053 Synodum.
611 999 808 1056 Ughellus
826 1015 922 1042 vero
940 1017 990 1042 ex
1007 1000 1214 1043 Strabone
1232 1003 1356 1044 ctiam
1375 1003 1425 1044 ab
1445 1003 1581 1059 aquila

226 1066 349 1109 Rom.
385 1067 443 1108 sic
476 1067 632 1110 dictam
667 1070 807 1111 tradit.
838 1071 927 1112 Hoc
952 1082 1091 1113 autem
1123 1080 1319 1113 coactum
1345 1072 1582 1114 Concilium

228 1136 306 1178 suit
325 1137 522 1178 adversus
539 1138 771 1180 Palladium
793 1148 835 1182 et
857 1139 1173 1182 secundianum
1192 1141 1376 1183 Arrianae
1396 1142 1584 1198 impieta-

230 1207 280 1248 tis
296 1217 533 1251 assertores.
561 1210 734 1253 Constat
748 1212 919 1267 quidem
938 1227 1008 1254 eos
1026 1213 1246 1271 episcopos
1259 1213 1383 1255 fuisse
1399 1214 1439 1255 in
1456 1214 1585 1256 Dacia

231 1287 272 1320 et
295 1279 470 1328 Moesia,
496 1290 543 1324 ut
570 1282 714 1325 Patres
742 1299 815 1325 sua
840 1285 892 1326 ad
921 1284 1195 1342 imperatores
1223 1285 1398 1342 epistola
1427 1284 1586 1344 signifi-

233 1351 494 1409 cant:cujus
518 1353 710 1396 dioecesis
732 1354 941 1397 incertum
965 1364 1039 1398 est.

595 1504 839 1534 ANNOTATIO
876 1492 965 1548 (89)
1004 1507 1098 1551 pag.
1140 1494 1236 1536 252.

295 1628 539 1672 Valerianus
557 1630 628 1687 qui
646 1645 813 1688 semper
835 1630 876 1672 in
901 1630 980 1672 hoc
1003 1629 1194 1672 Concilio
1213 1629 1375 1686 primus
1396 1629 1590 1672 nomina-

237 1709 330 1749 tur,
356 1709 397 1742 et
419 1701 460 1743 in
484 1702 650 1744 duobus
671 1702 870 1744 Romanis
894 1703 1048 1752 altero,
1075 1702 1171 1743 anni
1195 1701 1303 1758 570,
1330 1701 1459 1743 altero
1487 1701 1587 1749 582,

237 1779 332 1827 post
355 1770 584 1813 Damasum
606 1772 762 1829 Papam
784 1780 1065 1820 memoratur,
1092 1771 1132 1812 in
1157 1770 1412 1827 Aquileiensi
1436 1771 1593 1828 episco-

238 1849 338 1898 patu
361 1841 666 1884 Fortunatiano
690 1842 942 1884 successisse
973 1841 1183 1890 creditur,
1212 1841 1390 1883 Arriano
1422 1840 1594 1883 catholi-

239 1928 326 1956 cus.
347 1913 448 1971 Ejus
461 1915 549 1957 haec
566 1916 654 1957 laus
672 1915 883 1972 praecipua
901 1922 979 1963 est,
994 1915 1107 1970 quod
1125 1915 1286 1954 clerum
1300 1928 1422 1954 suum
1437 1913 1596 1969 optime

238 1984 482 2034 instituerit,
509 1994 555 2028 ut
579 1984 675 2026 inde
703 1985 820 2041 quasi
839 2001 861 2026 e
882 1998 1002 2026 sacro
1029 1982 1253 2025 seminario
1275 1997 1401 2039 quam
1426 1982 1595 2038 plurimi

241 2054 427 2113 episcopi
449 2055 565 2097 asciti
590 2063 733 2113 postea
758 2054 927 2096 suerint.
956 2053 1046 2096 Illic
1069 2069 1112 2095 se
1136 2054 1188 2095 ad
1208 2053 1404 2110 pietatem
1424 2052 1595 2095 formari

241 2127 372 2168 voluit
407 2124 913 2183 HieronymuszRufinus
944 2139 1042 2166 vero
1073 2124 1231 2166 ibidem
1264 2124 1306 2165 in
1342 2123 1597 2166 monasterio

239 2199 468 2240 educatum
489 2214 532 2240 se
555 2213 646 2240 esse
670 2205 826 2239 narrat.
856 2197 1004 2239 Eidem
1026 2195 1152 2237 etiam
1178 2194 1402 2237 Valeriano
1420 2194 1599 2252 rescrip-

239 2279 330 2312 tum
350 2269 616 2326 imperatoris
639 2269 895 2311 destinatum
925 2267 1050 2309 fuisse
1074 2267 1282 2309 existimat
1304 2267 1595 2314 Hermannusg

240 2348 283 2382 et
304 2354 491 2387 causam,
519 2353 595 2380 cur
629 2339 697 2381 bic
728 2347 911 2396 ponatur
937 2347 1031 2380 ante
1064 2338 1336 2380 Ambrosium
1371 2338 1481 2380 hanc
1508 2352 1598 2379 esse

239 2418 387 2468 putat,
416 2411 482 2452 vel
515 2412 628 2467 quotl
657 2425 800 2452 revera
830 2410 1049 2452 Dalmatiae
1071 2409 1339 2466 metropolita
1369 2416 1503 2457 esset,
1533 2408 1600 2449 vel

237 2489 351 2524 certe
364 2482 478 2539 quod
495 2481 588 2524 Itali
601 2481 788 2539 episcopi
811 2482 862 2524 ad
879 2496 993 2530 eum,
1015 2481 1116 2523 dum
1138 2482 1257 2523 sedes
1276 2477 1597 2522 Mediolanensis

240 2552 291 2595 ab
327 2552 535 2596 Auxentio
572 2560 871 2610 occuparetur,
905 2560 1106 2610 tanquam
1141 2552 1192 2596 ad
1222 2549 1595 2608 metropolitanum
