1774 3158
382 226 434 252 DE
467 224 591 251 OBITU
628 223 929 252 VALENTINIANI
964 226 1235 256 CONSOLATIO.
1409 216 1486 259 103

137 300 430 344 consolationis
453 300 686 341 absorbeat.
713 300 816 351 Quae
835 300 865 341 si
885 301 1021 342 brevis
1044 303 1109 351 sit,
1135 304 1238 346 nihil
1261 303 1381 347 affert
1397 321 1480 362 quo

136 378 330 411 moestum
369 369 563 411 affectum
608 370 841 410 demulceat
865 385 873 409 :
897 371 957 410 sin
992 372 1210 426 prolixior,
1251 375 1483 431 longiorem

135 440 254 482 affert
283 440 610 481 admonitionem
642 440 810 481 doloris.
849 440 944 491 Quo
975 442 1085 482 enim
1114 444 1311 498 prolixior
1337 445 1479 495 fueris,

134 510 227 557 hoc,
251 510 379 566 magis
412 510 452 550 in
488 510 743 550 consolando
777 510 930 550 afficies
961 525 1079 560 eum,
1118 527 1242 566 quem
1275 514 1480 557 consolari

132 581 247 628 velis,
270 588 312 621 et
336 580 489 621 diutius
512 594 733 621 moerorem
758 580 848 635 ejus
872 581 1045 623 tenebis.

186 650 297 693 XLI.
336 650 426 692 Non
452 650 576 706 igitur
600 650 710 691 velut
728 650 925 706 penicillo
953 651 1041 705 (58)
1068 652 1251 706 quodam
1277 654 1477 696 sermonis

130 720 210 761 mei
244 729 396 762 vestras
435 721 668 776 abstergam
698 720 928 776 lacryma53
966 735 1103 776 neque
1134 722 1244 762 euim
1274 722 1315 763 id
1341 721 1478 765 facere

131 791 296 842 vellem,
319 790 480 831 etiamsi
504 805 667 846 possem
695 805 703 830 :
727 798 789 831 est
811 790 920 831 enim
944 790 1022 847 piis
1047 791 1265 833 affectibus
1287 793 1478 847 quaedam

126 860 251 901 etiam
273 860 402 902 sseudi
424 863 632 916 voluptas,
661 870 701 902 et
730 862 978 917 plerumque
1002 861 1135 918 gravis
1158 862 1355 918 lacrymis
1385 877 1477 904 eva·

125 939 244 987 porat
268 932 397 972 dolor.
430 931 511 972 Sed
533 932 572 971 id
597 933 778 988 postulo,
805 947 855 973 ne
880 934 942 973 vel
966 932 1137 973 infixum
1159 934 1318 989 pectori
1337 942 1473 976 vestro

125 999 293 1042 fratrem
314 1002 427 1042 duris
445 1001 667 1057 gemitibus
685 1002 906 1048 revellatis,
924 1003 989 1043 vel
1007 1003 1199 1043 avertatis
1217 1004 1471 1060 planctibus,

124 1070 189 1111 vel
215 1071 547 1126 requiescentem
577 1071 778 1112 excitetis.
816 1073 889 1112 Ille
923 1071 1037 1112 vobis
1066 1082 1230 1114 maneat
1256 1074 1296 1114 in
1326 1076 1469 1123 corde,

126 1141 192 1181 ille
213 1141 321 1183 vivat
344 1142 384 1183 in
409 1151 594 1199 pectore,
622 1143 687 1183 ille
710 1143 969 1198 amplexibus
993 1143 1070 1199 piis
1092 1143 1262 1191 haereat,
1289 1154 1334 1186 ut
1361 1147 1472 1187 sole-

124 1212 216 1259 bat3
241 1212 309 1252 ille
334 1212 515 1253 fraterna
539 1212 677 1252 oscula
704 1220 879 1267 premat,
904 1213 970 1253 ille
993 1227 1156 1268 semper
1181 1213 1220 1253 in
1243 1214 1374 1255 oculis
1397 1214 1468 1263 sit,

121 1296 288 1337 semper
311 1282 353 1322 in
382 1282 549 1327 osculis,
575 1297 739 1337 semper
767 1282 805 1322 in
833 1282 1040 1337 alloquiis,
1071 1297 1236 1338 semper
1256 1283 1296 1323 in
1314 1283 1469 1324 menti—

120 1352 221 1392 bus:
240 1353 306 1392 ille
338 1351 420 1405 jam
449 1352 558 1397 talis,
585 1360 630 1391 ut
656 1352 692 1391 ei
724 1351 828 1392 nihil
860 1351 1037 1392 timeatis
1065 1351 1173 1392 sicut
1206 1360 1314 1393 ante.
1353 1351 1468 1393 Obli-

120 1421 334 1462 viscamini
370 1421 460 1476 ejus
495 1437 753 1468 aerumnam,
799 1422 971 1462 teneatis
1006 1421 1196 1477 gratiam.
1236 1422 1310 1462 Ille
1349 1421 1466 1463 vobis

118 1492 388 1533 auxiliaturus
407 1500 614 1547 speretur,
642 1491 708 1532 ille
732 1491 925 1532 noctibus
944 1492 1094 1547 praesul
1113 1491 1290 1538 assistat,
1310 1491 1426 1532 illum
1445 1506 1467 1532 a

117 1562 232 1603 robis
255 1562 338 1617 jam
371 1576 448 1602 nee
479 1577 650 1602 somnus
681 1562 889 1602 excludat.
914 1560 1091 1616 Propter
1121 1561 1257 1616 ipsum
1285 1561 1466 1602 delectet

114 1634 256 1688 quies,
288 1639 332 1672 ut
359 1631 474 1672 vohis
502 1631 657 1687 gratior
679 1639 924 1672 revertatur.
956 1631 1000 1671 In
1030 1630 1145 1672 vobis
1167 1639 1251 1678 est,
1279 1629 1394 1678 filiae,
1420 1639 1465 1672 ut

114 1695 284 1744 fratrem
308 1701 426 1742 vobis
449 1700 533 1757 jam
560 1716 682 1741 nemo
706 1700 834 1757 possit
852 1700 1026 1742 auferre.

172 1771 301 1813 XLII.
339 1770 422 1811 Sed
459 1785 610 1827 corpus
643 1769 734 1824 ejus
770 1778 913 1810 tenere
951 1769 1211 1817 desideratis,
1250 1772 1462 1813 tumulum

113 1841 380 1883 circumfusa:
406 1840 565 1881 tenetis.
591 1841 664 1880 Ille
682 1841 868 1881 tumulus
887 1840 1022 1881 sratris
1040 1840 1157 1881 vobis
1174 1840 1376 1882 habitatio
1393 1842 1460 1890 sit,

112 1915 179 1955 ille
211 1913 262 1954 sit
294 1913 383 1954 aula
415 1912 570 1969 palatii,
605 1912 645 1952 in
670 1926 753 1967 quo
777 1911 900 1953 chara
925 1912 1042 1953 vobis
1066 1911 1258 1952 membra
1281 1912 1463 1968 requies-

110 1992 220 2027 cent.

169 2055 318 2099 XLIII.
358 2055 482 2107 Quod
503 2055 534 2096 si
564 2070 629 2095 me
650 2054 701 2094 ad
728 2053 845 2094 illum
870 2052 1073 2094 revocatis
1101 2052 1314 2100 dolorem,
1346 2053 1460 2108 quod

107 2126 192 2168 cito
213 2126 391 2168 excessit
405 2141 426 2167 e
444 2125 524 2167 vita
546 2140 554 2166 :
576 2139 653 2166 nec
670 2139 746 2180 ego
766 2124 904 2165 abnuo
926 2124 1147 2164 immatura
1168 2123 1304 2165 obisse
1321 2131 1460 2168 aetate.

108 2213 234 2256 quem
264 2206 416 2238 nostrae
446 2197 538 2238 vitae
569 2195 829 2252 temporibus
855 2194 1003 2236 fulcire
1032 2209 1308 2252 cuperemus;
1335 2202 1381 2236 ut
1407 2193 1460 2236 de

108 2266 261 2309 nostris
285 2267 401 2308 annis
426 2266 580 2308 viveret
603 2265 711 2322 (59),
735 2265 805 2322 qui
823 2264 937 2322 fungi
955 2279 1038 2306 nou
1053 2265 1190 2321 potuit
1207 2265 1303 2306 suis.

171 2336 321 2381 XLIV.
360 2335 443 2377 Sed
464 2350 604 2392 quaero
631 2344 770 2377 utrum
793 2335 938 2392 aliquis
966 2335 1018 2376 sit
1045 2344 1139 2392 post
1167 2343 1346 2377 mortem
1371 2350 1460 2377 sen-

106 2423 191 2456 SUS,
219 2423 269 2449 an
293 2406 461 2449 nullus?
483 2406 525 2448 Si
543 2415 619 2455 est,
639 2406 760 2454 vivit3
782 2406 864 2448 imo
882 2405 976 2462 quia
995 2413 1078 2452 est,
1097 2405 1179 2448 vita
1199 2405 1284 2460 jam
1305 2405 1458 2447 fruitur

106 2485 274 2518 aeterna.
303 2477 529 2527 Quomodo
551 2476 662 2517 enim
692 2490 776 2516 non
808 2476 935 2517 habet
962 2490 1147 2522 sensum,
1174 2475 1295 2531 cujus
1321 2476 1455 2516 anima

105 2546 220 2594 vivit,
239 2555 281 2588 et
306 2546 429 2602 viget,
450 2555 492 2588 et
510 2546 713 2588 remeabit
737 2546 788 2587 ad
811 2560 986 2602 corpus;
1013 2553 1055 2587 et
1077 2544 1199 2587 faciet
1218 2544 1339 2593 illud,
1358 2558 1457 2586 cum
