<?xml version="1.0" encoding="UTF-8"?>
<!DOCTYPE html PUBLIC "-//W3C//DTD XHTML 1.0 Transitional//EN"
    "http://www.w3.org/TR/xhtml1/DTD/xhtml1-transitional.dtd">
<html xmlns="http://www.w3.org/1999/xhtml" xml:lang="en" lang="en">
 <head>
  <title>
</title>
<meta http-equiv="Content-Type" content="text/html;charset=utf-8" />
  <meta name='ocr-system' content='tesseract 3.04.00' />
  <meta name='ocr-capabilities' content='ocr_page ocr_carea ocr_par ocr_line ocrx_word'/>
</head>
<body>
  <div class='ocr_page' id='page_1' title='image "./omniaequaeextant08ambruoft_0549.png"; bbox 0 0 1774 3158; ppageno 0'>
   <div class='ocr_carea' id='block_1_1' title="bbox 674 287 1524 344">
    <p class='ocr_par' dir='ltr' id='par_1_1' title="bbox 674 287 1524 344">
     <span class='ocr_line' id='line_1_1' title="bbox 674 287 1524 344; baseline 0 -16"><span class='ocrx_word' id='word_1_1' title='bbox 674 299 1012 329; x_wconf 69' lang='grc' dir='ltr'><strong>ΑΝΝοΤΑΤιοΝΕε.</strong></span> <span class='ocrx_word' id='word_1_2' title='bbox 1439 287 1524 344; x_wconf 85' lang='lat'>529</span> 
     </span>
    </p>
   </div>
   <div class='ocr_carea' id='block_1_2' title="bbox 161 374 1522 914">
    <p class='ocr_par' dir='ltr' id='par_1_2' title="bbox 161 374 1522 914">
     <span class='ocr_line' id='line_1_2' title="bbox 163 374 1520 434; baseline 0.002 -18"><span class='ocrx_word' id='word_1_3' title='bbox 163 374 367 423; x_wconf 79' lang='lat' dir='ltr'><strong>essentia,</strong></span> <span class='ocrx_word' id='word_1_4' title='bbox 395 389 520 431; x_wconf 87' lang='lat' dir='ltr'>quam</span> <span class='ocrx_word' id='word_1_5' title='bbox 542 375 826 418; x_wconf 77' lang='lat' dir='ltr'>entelechiam</span> <span class='ocrx_word' id='word_1_6' title='bbox 854 377 1065 424; x_wconf 86' lang='lat' dir='ltr'>nominat,</span> <span class='ocrx_word' id='word_1_7' title='bbox 1094 376 1341 418; x_wconf 69' lang='lat' dir='ltr'>Aristoxeno</span> <span class='ocrx_word' id='word_1_8' title='bbox 1366 391 1520 434; x_wconf 89' lang='lat' dir='ltr'>corpo-</span> 
     </span>
     <span class='ocr_line' id='line_1_3' title="bbox 164 445 1520 503; baseline 0.001 -17"><span class='ocrx_word' id='word_1_9' title='bbox 164 445 220 486; x_wconf 86' lang='lat' dir='ltr'>ris</span> <span class='ocrx_word' id='word_1_10' title='bbox 254 445 430 486; x_wconf 91' lang='lat' dir='ltr'>intentio</span> <span class='ocrx_word' id='word_1_11' title='bbox 465 446 681 501; x_wconf 81' lang='lat' dir='ltr'>quaedam,</span> <span class='ocrx_word' id='word_1_12' title='bbox 723 445 969 502; x_wconf 82' lang='lat' dir='ltr'>Empedocli</span> <span class='ocrx_word' id='word_1_13' title='bbox 999 446 1117 488; x_wconf 87' lang='lat' dir='ltr'>cordi</span> <span class='ocrx_word' id='word_1_14' title='bbox 1148 445 1302 488; x_wconf 81' lang='lat' dir='ltr'>affusus</span> <span class='ocrx_word' id='word_1_15' title='bbox 1329 447 1520 503; x_wconf 81' lang='lat' dir='ltr'>sanguis,</span> 
     </span>
     <span class='ocr_line' id='line_1_4' title="bbox 162 516 1517 574; baseline 0.002 -18"><span class='ocrx_word' id='word_1_16' title='bbox 162 516 352 572; x_wconf 84' lang='lat' dir='ltr'>Euripidi</span> <span class='ocrx_word' id='word_1_17' title='bbox 383 516 517 565; x_wconf 89' lang='lat' dir='ltr'>Deus,</span> <span class='ocrx_word' id='word_1_18' title='bbox 556 516 803 574; x_wconf 71' lang='lat' dir='ltr'>Pythagorae</span> <span class='ocrx_word' id='word_1_19' title='bbox 841 517 1035 564; x_wconf 82' lang='lat' dir='ltr'>numeri,</span> <span class='ocrx_word' id='word_1_20' title='bbox 1074 516 1319 559; x_wconf 85' lang='lat' dir='ltr'>Dicaearcho</span> <span class='ocrx_word' id='word_1_21' title='bbox 1363 533 1517 560; x_wconf 90' lang='lat' dir='ltr'>nomen</span> 
     </span>
     <span class='ocr_line' id='line_1_5' title="bbox 163 585 1518 643; baseline 0.002 -17"><span class='ocrx_word' id='word_1_22' title='bbox 163 585 311 634; x_wconf 91' lang='lat' dir='ltr'>inane,</span> <span class='ocrx_word' id='word_1_23' title='bbox 343 585 590 628; x_wconf 81' lang='lat' dir='ltr'>Democrito</span> <span class='ocrx_word' id='word_1_24' title='bbox 621 585 764 627; x_wconf 88' lang='lat' dir='ltr'>atomi.</span> <span class='ocrx_word' id='word_1_25' title='bbox 788 587 883 627; x_wconf 86' lang='lat' dir='ltr'>Haec</span> <span class='ocrx_word' id='word_1_26' title='bbox 906 585 950 628; x_wconf 89' lang='grc' dir='ltr'>Ρ.</span> <span class='ocrx_word' id='word_1_27' title='bbox 976 585 1194 635; x_wconf 89' lang='lat' dir='ltr'>Nannius;</span> <span class='ocrx_word' id='word_1_28' title='bbox 1220 587 1371 643; x_wconf 88' lang='lat' dir='ltr'>quibus</span> <span class='ocrx_word' id='word_1_29' title='bbox 1391 587 1518 629; x_wconf 83' lang='lat' dir='ltr'>etiam</span> 
     </span>
     <span class='ocr_line' id='line_1_6' title="bbox 161 654 1520 712; baseline 0.003 -17"><span class='ocrx_word' id='word_1_30' title='bbox 161 654 360 712; x_wconf 84' lang='lat' dir='ltr'>praemisit</span> <span class='ocrx_word' id='word_1_31' title='bbox 379 655 554 697; x_wconf 78' lang='lat' dir='ltr'>relatam</span> <span class='ocrx_word' id='word_1_32' title='bbox 580 670 601 697; x_wconf 86' lang='lat' dir='ltr'>a</span> <span class='ocrx_word' id='word_1_33' title='bbox 622 663 768 697; x_wconf 83' lang='lat' dir='ltr'>sancto</span> <span class='ocrx_word' id='word_1_34' title='bbox 789 654 970 697; x_wconf 82' lang='lat' dir='ltr'>Praesule</span> <span class='ocrx_word' id='word_1_35' title='bbox 991 655 1175 698; x_wconf 79' lang='lat' dir='ltr'>Platonis</span> <span class='ocrx_word' id='word_1_36' title='bbox 1197 657 1448 699; x_wconf 84' lang='lat' dir='ltr'>sententiam</span> <span class='ocrx_word' id='word_1_37' title='bbox 1470 673 1520 699; x_wconf 88' lang='lat' dir='ltr'>ex</span> 
     </span>
     <span class='ocr_line' id='line_1_7' title="bbox 161 722 1522 783; baseline 0.002 -18"><span class='ocrx_word' id='word_1_38' title='bbox 161 722 232 766; x_wconf 89' lang='lat' dir='ltr'>lib.</span> <span class='ocrx_word' id='word_1_39' title='bbox 260 739 301 772; x_wconf 92' lang='lat' dir='ltr'>v,</span> <span class='ocrx_word' id='word_1_40' title='bbox 325 725 376 766; x_wconf 71' lang='lat' dir='ltr'>de</span> <span class='ocrx_word' id='word_1_41' title='bbox 404 724 615 781; x_wconf 75' lang='lat' dir='ltr'>Legibus,</span> <span class='ocrx_word' id='word_1_42' title='bbox 650 725 825 782; x_wconf 84' lang='lat' dir='ltr'>petitam</span> <span class='ocrx_word' id='word_1_43' title='bbox 848 739 952 766; x_wconf 81' lang='lat' dir='ltr'>esse.</span> <span class='ocrx_word' id='word_1_44' title='bbox 983 724 1122 768; x_wconf 90' lang='lat' dir='ltr'>Adisis</span> <span class='ocrx_word' id='word_1_45' title='bbox 1146 742 1338 783; x_wconf 88' lang='lat' dir='ltr'>quoque,</span> <span class='ocrx_word' id='word_1_46' title='bbox 1368 727 1439 768; x_wconf 92' lang='lat' dir='ltr'>lib.</span> <span class='ocrx_word' id='word_1_47' title='bbox 1471 728 1522 767; x_wconf 73' lang='lat' dir='ltr'>de</span> 
     </span>
     <span class='ocr_line' id='line_1_8' title="bbox 162 793 1517 852; baseline 0.002 -17"><span class='ocrx_word' id='word_1_48' title='bbox 162 793 253 836; x_wconf 70' lang='lat' dir='ltr'>Noe·</span> <span class='ocrx_word' id='word_1_49' title='bbox 276 804 315 836; x_wconf 75' lang='lat' dir='ltr'>et</span> <span class='ocrx_word' id='word_1_50' title='bbox 341 796 488 842; x_wconf 72' lang='lat' dir='ltr'>Arca,</span> <span class='ocrx_word' id='word_1_51' title='bbox 520 810 611 852; x_wconf 85' lang='lat' dir='ltr'>cap.</span> <span class='ocrx_word' id='word_1_52' title='bbox 644 797 694 837; x_wconf 77' lang='lat'>25</span> <span class='ocrx_word' id='word_1_53' title='bbox 711 827 720 842; x_wconf 90' lang='lat'><em>‚</em></span> <span class='ocrx_word' id='word_1_54' title='bbox 747 809 864 837; x_wconf 86' lang='lat' dir='ltr'>num.</span> <span class='ocrx_word' id='word_1_55' title='bbox 899 810 978 850; x_wconf 81' lang='lat'>92,</span> <span class='ocrx_word' id='word_1_56' title='bbox 1003 805 1044 838; x_wconf 89' lang='lat' dir='ltr'>et</span> <span class='ocrx_word' id='word_1_57' title='bbox 1067 796 1343 844; x_wconf 75' lang='lat' dir='ltr'>Ciceronem,</span> <span class='ocrx_word' id='word_1_58' title='bbox 1375 797 1448 838; x_wconf 90' lang='lat' dir='ltr'>lib.</span> <span class='ocrx_word' id='word_1_59' title='bbox 1478 812 1517 844; x_wconf 90' lang='lat'>1,</span> 
     </span>
     <span class='ocr_line' id='line_1_9' title="bbox 163 862 525 914; baseline 0.003 -10"><span class='ocrx_word' id='word_1_60' title='bbox 163 862 323 914; x_wconf 81' lang='lat' dir='ltr'>Quoesc.</span> <span class='ocrx_word' id='word_1_61' title='bbox 351 863 525 906; x_wconf 77' lang='lat' dir='ltr'>Tuscul.</span> 
     </span>
    </p>
   </div>
   <div class='ocr_carea' id='block_1_3' title="bbox 498 1004 1170 1062">
    <p class='ocr_par' dir='ltr' id='par_1_3' title="bbox 498 1004 1170 1062">
     <span class='ocr_line' id='line_1_10' title="bbox 498 1004 1170 1062; baseline 0.003 -19"><span class='ocrx_word' id='word_1_62' title='bbox 498 1016 746 1043; x_wconf 72' lang='lat' dir='ltr'>ANNOTA‘rio</span> <span class='ocrx_word' id='word_1_63' title='bbox 777 1004 905 1060; x_wconf 72' lang='lat'>(150)</span> <span class='ocrx_word' id='word_1_64' title='bbox 937 1020 1030 1062; x_wconf 78' lang='lat' dir='ltr'>pag.</span> <span class='ocrx_word' id='word_1_65' title='bbox 1070 1006 1170 1054; x_wconf 69' lang='lat'>435.</span> 
     </span>
    </p>
   </div>
   <div class='ocr_carea' id='block_1_4' title="bbox 148 1138 1517 2603">
    <p class='ocr_par' dir='ltr' id='par_1_4' title="bbox 148 1138 1517 2603">
     <span class='ocr_line' id='line_1_11' title="bbox 217 1138 1517 1195; baseline 0.003 -16"><span class='ocrx_word' id='word_1_66' title='bbox 217 1138 294 1180; x_wconf 87' lang='lat' dir='ltr'>Hic</span> <span class='ocrx_word' id='word_1_67' title='bbox 318 1139 434 1180; x_wconf 87' lang='lat' dir='ltr'>locus</span> <span class='ocrx_word' id='word_1_68' title='bbox 473 1138 654 1195; x_wconf 86' lang='lat' dir='ltr'>praebuit</span> <span class='ocrx_word' id='word_1_69' title='bbox 680 1140 893 1182; x_wconf 87' lang='lat' dir='ltr'>nonnullis</span> <span class='ocrx_word' id='word_1_70' title='bbox 921 1140 1212 1189; x_wconf 84' lang='lat' dir='ltr'>occasionem,</span> <span class='ocrx_word' id='word_1_71' title='bbox 1253 1149 1297 1181; x_wconf 78' lang='lat' dir='ltr'>ut</span> <span class='ocrx_word' id='word_1_72' title='bbox 1330 1142 1517 1183; x_wconf 86' lang='lat' dir='ltr'>Ambro-</span> 
     </span>
     <span class='ocr_line' id='line_1_12' title="bbox 159 1209 1516 1254; baseline 0.001 -3"><span class='ocrx_word' id='word_1_73' title='bbox 159 1209 266 1251; x_wconf 88' lang='lat' dir='ltr'>sium</span> <span class='ocrx_word' id='word_1_74' title='bbox 289 1210 396 1251; x_wconf 86' lang='lat' dir='ltr'>coelo</span> <span class='ocrx_word' id='word_1_75' title='bbox 418 1218 460 1251; x_wconf 89' lang='lat' dir='ltr'>et</span> <span class='ocrx_word' id='word_1_76' title='bbox 483 1209 689 1251; x_wconf 88' lang='lat' dir='ltr'>sideribus</span> <span class='ocrx_word' id='word_1_77' title='bbox 713 1211 938 1253; x_wconf 79' lang='lat' dir='ltr'>rationales</span> <span class='ocrx_word' id='word_1_78' title='bbox 963 1212 1122 1253; x_wconf 87' lang='lat' dir='ltr'>animas</span> <span class='ocrx_word' id='word_1_79' title='bbox 1146 1212 1381 1252; x_wconf 87' lang='lat' dir='ltr'>secundum</span> <span class='ocrx_word' id='word_1_80' title='bbox 1418 1212 1516 1254; x_wconf 92' lang='lat' dir='ltr'>Ori-</span> 
     </span>
     <span class='ocr_line' id='line_1_13' title="bbox 158 1281 1517 1338; baseline 0.001 -16"><span class='ocrx_word' id='word_1_81' title='bbox 158 1281 273 1338; x_wconf 82' lang='lat' dir='ltr'>genis</span> <span class='ocrx_word' id='word_1_82' title='bbox 306 1281 546 1337; x_wconf 72' lang='lat' dir='ltr'>opinionem</span> <span class='ocrx_word' id='word_1_83' title='bbox 581 1281 812 1322; x_wconf 76' lang='lat' dir='ltr'>attribuere</span> <span class='ocrx_word' id='word_1_84' title='bbox 835 1282 1139 1324; x_wconf 80' lang='lat' dir='ltr'>existimarent.</span> <span class='ocrx_word' id='word_1_85' title='bbox 1168 1281 1261 1332; x_wconf 84' lang='lat' dir='ltr'>Qua</span> <span class='ocrx_word' id='word_1_86' title='bbox 1285 1282 1336 1323; x_wconf 86' lang='lat' dir='ltr'>de</span> <span class='ocrx_word' id='word_1_87' title='bbox 1360 1296 1404 1323; x_wconf 89' lang='lat' dir='ltr'>re</span> <span class='ocrx_word' id='word_1_88' title='bbox 1423 1297 1517 1323; x_wconf 90' lang='lat' dir='ltr'>con·</span> 
     </span>
     <span class='ocr_line' id='line_1_14' title="bbox 158 1350 1517 1408; baseline 0.001 -16"><span class='ocrx_word' id='word_1_89' title='bbox 158 1351 236 1392; x_wconf 85' lang='lat' dir='ltr'>suli</span> <span class='ocrx_word' id='word_1_90' title='bbox 258 1359 395 1408; x_wconf 88' lang='lat' dir='ltr'>potest</span> <span class='ocrx_word' id='word_1_91' title='bbox 410 1351 532 1392; x_wconf 83' lang='lat' dir='ltr'>Dion.</span> <span class='ocrx_word' id='word_1_92' title='bbox 561 1351 780 1399; x_wconf 82' lang='lat' dir='ltr'>Petavius,</span> <span class='ocrx_word' id='word_1_93' title='bbox 806 1352 879 1394; x_wconf 90' lang='lat' dir='ltr'>lib.</span> <span class='ocrx_word' id='word_1_94' title='bbox 905 1368 946 1400; x_wconf 88' lang='lat'>1,</span> <span class='ocrx_word' id='word_1_95' title='bbox 974 1352 1025 1393; x_wconf 80' lang='lat' dir='ltr'>de</span> <span class='ocrx_word' id='word_1_96' title='bbox 1059 1350 1251 1407; x_wconf 76' lang='lat' dir='ltr'>Opificio</span> <span class='ocrx_word' id='word_1_97' title='bbox 1280 1366 1355 1392; x_wconf 71' lang='lat' dir='ltr'>sex</span> <span class='ocrx_word' id='word_1_98' title='bbox 1383 1352 1517 1406; x_wconf 54' lang='lat' dir='ltr'>dier„</span> 
     </span>
     <span class='ocr_line' id='line_1_15' title="bbox 157 1419 1514 1479; baseline 0.002 -18"><span class='ocrx_word' id='word_1_99' title='bbox 157 1433 248 1476; x_wconf 87' lang='lat' dir='ltr'>cap.</span> <span class='ocrx_word' id='word_1_100' title='bbox 281 1435 347 1468; x_wconf 84' lang='lat'>12,</span> <span class='ocrx_word' id='word_1_101' title='bbox 372 1429 414 1462; x_wconf 89' lang='lat' dir='ltr'>et</span> <span class='ocrx_word' id='word_1_102' title='bbox 436 1419 541 1462; x_wconf 85' lang='lat' dir='ltr'>Dan.</span> <span class='ocrx_word' id='word_1_103' title='bbox 571 1421 773 1468; x_wconf 85' lang='lat' dir='ltr'>Huetius,</span> <span class='ocrx_word' id='word_1_104' title='bbox 800 1422 872 1463; x_wconf 91' lang='lat' dir='ltr'>lib.</span> <span class='ocrx_word' id='word_1_105' title='bbox 902 1437 953 1470; x_wconf 89' lang='lat'>11,</span> <span class='ocrx_word' id='word_1_106' title='bbox 987 1422 1167 1479; x_wconf 69' lang='lat' dir='ltr'>origen.</span> <span class='ocrx_word' id='word_1_107' title='bbox 1197 1432 1342 1476; x_wconf 80' lang='lat' dir='ltr'>quaest.</span> <span class='ocrx_word' id='word_1_108' title='bbox 1369 1424 1408 1464; x_wconf 86' lang='lat'>8.</span> <span class='ocrx_word' id='word_1_109' title='bbox 1435 1422 1514 1463; x_wconf 71' lang='lat' dir='ltr'>Ve-</span> 
     </span>
     <span class='ocr_line' id='line_1_16' title="bbox 155 1490 1513 1548; baseline 0.003 -19"><span class='ocrx_word' id='word_1_110' title='bbox 155 1501 250 1530; x_wconf 86' lang='lat' dir='ltr'>rum</span> <span class='ocrx_word' id='word_1_111' title='bbox 287 1497 567 1546; x_wconf 63' lang='lat' dir='ltr'>praeterquam</span> <span class='ocrx_word' id='word_1_112' title='bbox 602 1492 716 1546; x_wconf 87' lang='lat' dir='ltr'>quod</span> <span class='ocrx_word' id='word_1_113' title='bbox 749 1493 1028 1548; x_wconf 81' lang='lat' dir='ltr'>respondetur</span> <span class='ocrx_word' id='word_1_114' title='bbox 1063 1492 1113 1532; x_wconf 89' lang='lat' dir='ltr'>ab</span> <span class='ocrx_word' id='word_1_115' title='bbox 1155 1490 1361 1546; x_wconf 85' lang='lat' dir='ltr'>aliquibus</span> <span class='ocrx_word' id='word_1_116' title='bbox 1394 1491 1465 1532; x_wconf 87' lang='lat' dir='ltr'>hic</span> <span class='ocrx_word' id='word_1_117' title='bbox 1494 1508 1513 1533; x_wconf 87' lang='lat' dir='ltr'>a</span> 
     </span>
     <span class='ocr_line' id='line_1_17' title="bbox 157 1561 1513 1619; baseline 0.001 -17"><span class='ocrx_word' id='word_1_118' title='bbox 157 1569 301 1602; x_wconf 84' lang='lat' dir='ltr'>sancto</span> <span class='ocrx_word' id='word_1_119' title='bbox 346 1562 529 1603; x_wconf 89' lang='lat' dir='ltr'>Doctore</span> <span class='ocrx_word' id='word_1_120' title='bbox 556 1561 786 1617; x_wconf 85' lang='lat' dir='ltr'>quamdam</span> <span class='ocrx_word' id='word_1_121' title='bbox 821 1561 911 1603; x_wconf 87' lang='lat' dir='ltr'>fieri</span> <span class='ocrx_word' id='word_1_122' title='bbox 944 1561 1256 1619; x_wconf 86' lang='lat' dir='ltr'>prosopoeiam‚</span> <span class='ocrx_word' id='word_1_123' title='bbox 1297 1563 1513 1604; x_wconf 73' lang='lat' dir='ltr'>advertero</span> 
     </span>
     <span class='ocr_line' id='line_1_18' title="bbox 157 1631 1511 1690; baseline 0.002 -18"><span class='ocrx_word' id='word_1_124' title='bbox 157 1646 294 1688; x_wconf 87' lang='lat' dir='ltr'>operae</span> <span class='ocrx_word' id='word_1_125' title='bbox 314 1631 498 1690; x_wconf 86' lang='lat' dir='ltr'>pretium</span> <span class='ocrx_word' id='word_1_126' title='bbox 530 1641 592 1674; x_wconf 87' lang='lat' dir='ltr'>est</span> <span class='ocrx_word' id='word_1_127' title='bbox 622 1646 707 1673; x_wconf 91' lang='lat' dir='ltr'>non</span> <span class='ocrx_word' id='word_1_128' title='bbox 730 1647 889 1689; x_wconf 88' lang='lat' dir='ltr'>paucos</span> <span class='ocrx_word' id='word_1_129' title='bbox 912 1632 990 1674; x_wconf 88' lang='lat' dir='ltr'>illis</span> <span class='ocrx_word' id='word_1_130' title='bbox 1016 1632 1275 1689; x_wconf 82' lang='lat' dir='ltr'>temporibus</span> <span class='ocrx_word' id='word_1_131' title='bbox 1305 1634 1511 1680; x_wconf 80' lang='lat' dir='ltr'>extitisse,</span> 
     </span>
     <span class='ocr_line' id='line_1_19' title="bbox 156 1702 1512 1760; baseline 0.001 -17"><span class='ocrx_word' id='word_1_132' title='bbox 156 1702 227 1758; x_wconf 89' lang='lat' dir='ltr'>qui</span> <span class='ocrx_word' id='word_1_133' title='bbox 249 1702 439 1744; x_wconf 83' lang='lat' dir='ltr'>rationali</span> <span class='ocrx_word' id='word_1_134' title='bbox 458 1702 594 1744; x_wconf 89' lang='lat' dir='ltr'>anima</span> <span class='ocrx_word' id='word_1_135' title='bbox 620 1703 819 1759; x_wconf 87' lang='lat' dir='ltr'>praeditos</span> <span class='ocrx_word' id='word_1_136' title='bbox 842 1719 933 1745; x_wconf 87' lang='lat' dir='ltr'>esse</span> <span class='ocrx_word' id='word_1_137' title='bbox 954 1704 1100 1760; x_wconf 80' lang='lat' dir='ltr'>globos</span> <span class='ocrx_word' id='word_1_138' title='bbox 1128 1704 1317 1746; x_wconf 85' lang='lat' dir='ltr'>coelestes</span> <span class='ocrx_word' id='word_1_139' title='bbox 1336 1705 1512 1746; x_wconf 81' lang='lat' dir='ltr'>arbitra-</span> 
     </span>
     <span class='ocr_line' id='line_1_20' title="bbox 153 1772 1511 1830; baseline 0.002 -17"><span class='ocrx_word' id='word_1_140' title='bbox 153 1780 317 1821; x_wconf 85' lang='lat' dir='ltr'>rentur,</span> <span class='ocrx_word' id='word_1_141' title='bbox 340 1772 382 1814; x_wconf 91' lang='lat' dir='ltr'>in</span> <span class='ocrx_word' id='word_1_142' title='bbox 409 1787 592 1829; x_wconf 85' lang='lat' dir='ltr'>quorum</span> <span class='ocrx_word' id='word_1_143' title='bbox 616 1773 846 1830; x_wconf 86' lang='lat' dir='ltr'>hypothesi</span> <span class='ocrx_word' id='word_1_144' title='bbox 869 1783 911 1816; x_wconf 86' lang='lat' dir='ltr'>et</span> <span class='ocrx_word' id='word_1_145' title='bbox 934 1774 1162 1821; x_wconf 76' lang='lat' dir='ltr'>sententia,</span> <span class='ocrx_word' id='word_1_146' title='bbox 1193 1789 1284 1830; x_wconf 84' lang='lat' dir='ltr'>quae</span> <span class='ocrx_word' id='word_1_147' title='bbox 1322 1775 1511 1816; x_wconf 87' lang='lat' dir='ltr'>nondum</span> 
     </span>
     <span class='ocr_line' id='line_1_21' title="bbox 155 1842 1510 1901; baseline 0.002 -18"><span class='ocrx_word' id='word_1_148' title='bbox 155 1842 207 1883; x_wconf 86' lang='lat' dir='ltr'>ab</span> <span class='ocrx_word' id='word_1_149' title='bbox 223 1842 410 1884; x_wconf 81' lang='lat' dir='ltr'>Ecclesia</span> <span class='ocrx_word' id='word_1_150' title='bbox 439 1844 635 1885; x_wconf 86' lang='lat' dir='ltr'>damnata</span> <span class='ocrx_word' id='word_1_151' title='bbox 665 1851 780 1891; x_wconf 86' lang='lat' dir='ltr'>erat,</span> <span class='ocrx_word' id='word_1_152' title='bbox 805 1843 887 1885; x_wconf 93' lang='lat' dir='ltr'>hoc</span> <span class='ocrx_word' id='word_1_153' title='bbox 909 1844 1006 1886; x_wconf 93' lang='lat' dir='ltr'>loco</span> <span class='ocrx_word' id='word_1_154' title='bbox 1025 1844 1214 1901; x_wconf 84' lang='lat' dir='ltr'>loquitur</span> <span class='ocrx_word' id='word_1_155' title='bbox 1232 1844 1480 1886; x_wconf 86' lang='lat' dir='ltr'>Ambrosius</span> <span class='ocrx_word' id='word_1_156' title='bbox 1500 1861 1510 1886; x_wconf 77' lang='lat' dir='ltr'><em>z</em></span> 
     </span>
     <span class='ocr_line' id='line_1_22' title="bbox 156 1911 1514 1971; baseline 0.002 -18"><span class='ocrx_word' id='word_1_157' title='bbox 156 1919 196 1953; x_wconf 87' lang='lat' dir='ltr'>at</span> <span class='ocrx_word' id='word_1_158' title='bbox 214 1911 351 1954; x_wconf 91' lang='lat' dir='ltr'>eidem</span> <span class='ocrx_word' id='word_1_159' title='bbox 380 1912 489 1954; x_wconf 90' lang='lat' dir='ltr'>hanc</span> <span class='ocrx_word' id='word_1_160' title='bbox 516 1912 761 1969; x_wconf 87' lang='lat' dir='ltr'>opinionem</span> <span class='ocrx_word' id='word_1_161' title='bbox 785 1927 869 1954; x_wconf 93' lang='lat' dir='ltr'>non</span> <span class='ocrx_word' id='word_1_162' title='bbox 892 1928 971 1971; x_wconf 89' lang='lat' dir='ltr'>pro</span> <span class='ocrx_word' id='word_1_163' title='bbox 995 1930 1092 1956; x_wconf 86' lang='lat' dir='ltr'>vera</span> <span class='ocrx_word' id='word_1_164' title='bbox 1118 1922 1157 1955; x_wconf 86' lang='lat' dir='ltr'>et</span> <span class='ocrx_word' id='word_1_165' title='bbox 1191 1923 1304 1956; x_wconf 84' lang='lat' dir='ltr'>certa</span> <span class='ocrx_word' id='word_1_166' title='bbox 1326 1914 1514 1956; x_wconf 82' lang='lat' dir='ltr'>habitam</span> 
     </span>
     <span class='ocr_line' id='line_1_23' title="bbox 153 1982 1509 2042; baseline 0.003 -19"><span class='ocrx_word' id='word_1_167' title='bbox 153 1996 244 2024; x_wconf 89' lang='lat' dir='ltr'>esse</span> <span class='ocrx_word' id='word_1_168' title='bbox 259 1982 359 2024; x_wconf 88' lang='lat' dir='ltr'>hinc</span> <span class='ocrx_word' id='word_1_169' title='bbox 378 1982 601 2040; x_wconf 77' lang='lat' dir='ltr'>intelligas,</span> <span class='ocrx_word' id='word_1_170' title='bbox 626 1984 740 2039; x_wconf 85' lang='lat' dir='ltr'>quod</span> <span class='ocrx_word' id='word_1_171' title='bbox 763 1985 958 2039; x_wconf 86' lang='lat' dir='ltr'>sequenti</span> <span class='ocrx_word' id='word_1_172' title='bbox 981 1984 1155 2042; x_wconf 85' lang='lat' dir='ltr'>epistola</span> <span class='ocrx_word' id='word_1_173' title='bbox 1179 1984 1276 2027; x_wconf 86' lang='lat' dir='ltr'>alias</span> <span class='ocrx_word' id='word_1_174' title='bbox 1298 1985 1509 2042; x_wconf 85' lang='lat' dir='ltr'>proponit,</span> 
     </span>
     <span class='ocr_line' id='line_1_24' title="bbox 152 2051 1511 2112; baseline 0.002 -19"><span class='ocrx_word' id='word_1_175' title='bbox 152 2060 195 2094; x_wconf 84' lang='lat' dir='ltr'>et</span> <span class='ocrx_word' id='word_1_176' title='bbox 216 2051 476 2094; x_wconf 88' lang='lat' dir='ltr'>Horontiano</span> <span class='ocrx_word' id='word_1_177' title='bbox 492 2085 503 2101; x_wconf 92' lang='lat'><em>‚</em></span> <span class='ocrx_word' id='word_1_178' title='bbox 529 2062 574 2094; x_wconf 91' lang='lat' dir='ltr'>ut</span> <span class='ocrx_word' id='word_1_179' title='bbox 595 2067 723 2109; x_wconf 86' lang='lat' dir='ltr'>quam</span> <span class='ocrx_word' id='word_1_180' title='bbox 742 2053 1001 2110; x_wconf 88' lang='lat' dir='ltr'>potissimam</span> <span class='ocrx_word' id='word_1_181' title='bbox 1027 2055 1265 2103; x_wconf 87' lang='lat' dir='ltr'>censuerit,</span> <span class='ocrx_word' id='word_1_182' title='bbox 1293 2064 1511 2112; x_wconf 88' lang='lat' dir='ltr'>sequatur,</span> 
     </span>
     <span class='ocr_line' id='line_1_25' title="bbox 151 2121 1512 2182; baseline 0.002 -19"><span class='ocrx_word' id='word_1_183' title='bbox 151 2121 334 2165; x_wconf 86' lang='lat' dir='ltr'>liberum</span> <span class='ocrx_word' id='word_1_184' title='bbox 356 2122 566 2179; x_wconf 85' lang='lat' dir='ltr'>relinquit.</span> <span class='ocrx_word' id='word_1_185' title='bbox 596 2122 688 2165; x_wconf 67' lang='lat' dir='ltr'>Non</span> <span class='ocrx_word' id='word_1_186' title='bbox 712 2138 935 2180; x_wconf 87' lang='lat' dir='ltr'>possumus</span> <span class='ocrx_word' id='word_1_187' title='bbox 960 2134 1100 2168; x_wconf 88' lang='lat' dir='ltr'>autem</span> <span class='ocrx_word' id='word_1_188' title='bbox 1123 2140 1215 2182; x_wconf 68' lang='lat' dir='ltr'>quse</span> <span class='ocrx_word' id='word_1_189' title='bbox 1233 2124 1358 2167; x_wconf 74' lang='lat' dir='ltr'>suerit</span> <span class='ocrx_word' id='word_1_190' title='bbox 1379 2121 1512 2167; x_wconf 79' lang='lat' dir='ltr'>s&#39;ancti</span> 
     </span>
     <span class='ocr_line' id='line_1_26' title="bbox 149 2189 1512 2251; baseline 0.002 -19"><span class='ocrx_word' id='word_1_191' title='bbox 149 2189 339 2233; x_wconf 87' lang='lat' dir='ltr'>Praesulis</span> <span class='ocrx_word' id='word_1_192' title='bbox 366 2191 445 2233; x_wconf 86' lang='lat' dir='ltr'>hac</span> <span class='ocrx_word' id='word_1_193' title='bbox 479 2192 530 2233; x_wconf 90' lang='lat' dir='ltr'>de</span> <span class='ocrx_word' id='word_1_194' title='bbox 564 2207 610 2234; x_wconf 89' lang='lat' dir='ltr'>re</span> <span class='ocrx_word' id='word_1_195' title='bbox 649 2193 855 2235; x_wconf 86' lang='lat' dir='ltr'>sententia</span> <span class='ocrx_word' id='word_1_196' title='bbox 873 2226 884 2242; x_wconf 91' lang='lat'>,</span> <span class='ocrx_word' id='word_1_197' title='bbox 917 2195 1069 2236; x_wconf 88' lang='lat' dir='ltr'>melius</span> <span class='ocrx_word' id='word_1_198' title='bbox 1099 2195 1292 2243; x_wconf 86' lang='lat' dir='ltr'>aliunde,</span> <span class='ocrx_word' id='word_1_199' title='bbox 1315 2195 1512 2251; x_wconf 81' lang='lat' dir='ltr'>colligere</span> 
     </span>
     <span class='ocr_line' id='line_1_27' title="bbox 151 2261 1511 2320; baseline 0.004 -20"><span class='ocrx_word' id='word_1_200' title='bbox 151 2274 277 2315; x_wconf 89' lang='lat' dir='ltr'>quam</span> <span class='ocrx_word' id='word_1_201' title='bbox 300 2275 350 2303; x_wconf 85' lang='lat' dir='ltr'>ex</span> <span class='ocrx_word' id='word_1_202' title='bbox 371 2261 446 2303; x_wconf 90' lang='lat' dir='ltr'>lib.</span> <span class='ocrx_word' id='word_1_203' title='bbox 469 2277 500 2303; x_wconf 91' lang='lat'>11</span> <span class='ocrx_word' id='word_1_204' title='bbox 518 2294 528 2309; x_wconf 95' lang='lat'><em>‚</em></span> <span class='ocrx_word' id='word_1_205' title='bbox 557 2261 789 2312; x_wconf 72' lang='lat' dir='ltr'>Heoeaem.,</span> <span class='ocrx_word' id='word_1_206' title='bbox 811 2278 901 2320; x_wconf 87' lang='lat' dir='ltr'>cap.</span> <span class='ocrx_word' id='word_1_207' title='bbox 930 2267 969 2314; x_wconf 70' lang='grc'>4,</span> <span class='ocrx_word' id='word_1_208' title='bbox 993 2278 1107 2305; x_wconf 86' lang='lat' dir='ltr'>num.</span> <span class='ocrx_word' id='word_1_209' title='bbox 1139 2278 1205 2319; x_wconf 77' lang='lat'>17,</span> <span class='ocrx_word' id='word_1_210' title='bbox 1225 2263 1297 2304; x_wconf 89' lang='lat' dir='ltr'>ubi</span> <span class='ocrx_word' id='word_1_211' title='bbox 1316 2263 1511 2305; x_wconf 86' lang='lat' dir='ltr'>distincte</span> 
     </span>
     <span class='ocr_line' id='line_1_28' title="bbox 148 2330 1510 2391; baseline 0.004 -21"><span class='ocrx_word' id='word_1_212' title='bbox 148 2338 273 2386; x_wconf 83' lang='lat' dir='ltr'>negat</span> <span class='ocrx_word' id='word_1_213' title='bbox 296 2332 424 2373; x_wconf 87' lang='lat' dir='ltr'>coelos</span> <span class='ocrx_word' id='word_1_214' title='bbox 452 2346 499 2374; x_wconf 90' lang='lat' dir='ltr'>ac</span> <span class='ocrx_word' id='word_1_215' title='bbox 526 2330 845 2374; x_wconf 86' lang='lat' dir='ltr'>firmamentum</span> <span class='ocrx_word' id='word_1_216' title='bbox 873 2343 1074 2390; x_wconf 87' lang='lat' dir='ltr'>tanquam</span> <span class='ocrx_word' id='word_1_217' title='bbox 1113 2334 1349 2391; x_wconf 84' lang='lat' dir='ltr'>spirituales</span> <span class='ocrx_word' id='word_1_218' title='bbox 1385 2349 1510 2390; x_wconf 86' lang='lat' dir='ltr'>quas-</span> 
     </span>
     <span class='ocr_line' id='line_1_29' title="bbox 151 2401 1510 2460; baseline 0.002 -18"><span class='ocrx_word' id='word_1_219' title='bbox 151 2401 248 2442; x_wconf 89' lang='lat' dir='ltr'>dam</span> <span class='ocrx_word' id='word_1_220' title='bbox 279 2402 453 2445; x_wconf 84' lang='lat' dir='ltr'>virtutes</span> <span class='ocrx_word' id='word_1_221' title='bbox 471 2402 608 2445; x_wconf 80' lang='lat' dir='ltr'>Deum</span> <span class='ocrx_word' id='word_1_222' title='bbox 627 2404 816 2453; x_wconf 88' lang='lat' dir='ltr'>laudare,</span> <span class='ocrx_word' id='word_1_223' title='bbox 837 2405 912 2447; x_wconf 88' lang='lat' dir='ltr'>sed</span> <span class='ocrx_word' id='word_1_224' title='bbox 930 2404 1228 2447; x_wconf 79' lang='lat' dir='ltr'>tantummodo</span> <span class='ocrx_word' id='word_1_225' title='bbox 1246 2404 1363 2460; x_wconf 88' lang='lat' dir='ltr'>quasi</span> <span class='ocrx_word' id='word_1_226' title='bbox 1387 2419 1510 2460; x_wconf 85' lang='lat' dir='ltr'>opera</span> 
     </span>
     <span class='ocr_line' id='line_1_30' title="bbox 151 2472 1510 2531; baseline 0.004 -19"><span class='ocrx_word' id='word_1_227' title='bbox 151 2472 314 2514; x_wconf 87' lang='lat' dir='ltr'>mundi.</span> <span class='ocrx_word' id='word_1_228' title='bbox 340 2472 500 2515; x_wconf 89' lang='lat' dir='ltr'>Locum</span> <span class='ocrx_word' id='word_1_229' title='bbox 531 2477 740 2530; x_wconf 83' lang='lat' dir='ltr'>expende,</span> <span class='ocrx_word' id='word_1_230' title='bbox 776 2484 818 2517; x_wconf 81' lang='lat' dir='ltr'>et</span> <span class='ocrx_word' id='word_1_231' title='bbox 847 2489 946 2517; x_wconf 87' lang='lat' dir='ltr'>cum</span> <span class='ocrx_word' id='word_1_232' title='bbox 983 2474 1107 2517; x_wconf 88' lang='lat' dir='ltr'>simili</span> <span class='ocrx_word' id='word_1_233' title='bbox 1142 2477 1252 2531; x_wconf 85' lang='lat' dir='ltr'>apul</span> <span class='ocrx_word' id='word_1_234' title='bbox 1282 2475 1510 2524; x_wconf 73' lang='lat' dir='ltr'>Basiliam,</span> 
     </span>
     <span class='ocr_line' id='line_1_31' title="bbox 153 2541 926 2603; baseline 0.008 -21"><span class='ocrx_word' id='word_1_235' title='bbox 153 2541 322 2584; x_wconf 76' lang='lat' dir='ltr'>Hamil.</span> <span class='ocrx_word' id='word_1_236' title='bbox 352 2544 400 2591; x_wconf 80' lang='lat'>5,</span> <span class='ocrx_word' id='word_1_237' title='bbox 421 2544 462 2585; x_wconf 92' lang='lat' dir='ltr'>in</span> <span class='ocrx_word' id='word_1_238' title='bbox 485 2544 684 2589; x_wconf 81' lang='lat' dir='ltr'>Hexaem.</span> <span class='ocrx_word' id='word_1_239' title='bbox 713 2559 926 2603; x_wconf 72' lang='lat' dir='ltr'>compara,</span> 
     </span>
    </p>
   </div>
   <div class='ocr_carea' id='block_1_5' title="bbox 300 2630 1371 2681">
    <p class='ocr_par' dir='ltr' id='par_1_5' title="bbox 300 2630 1371 2681">
     <span class='ocr_line' id='line_1_32' title="bbox 300 2630 1371 2681; baseline 0.003 -13"><span class='ocrx_word' id='word_1_240' title='bbox 300 2640 378 2671; x_wconf 76' lang='lat' dir='ltr'>Lxl.</span> <span class='ocrx_word' id='word_1_241' title='bbox 1314 2630 1371 2681; x_wconf 77' lang='grc'>34</span> 
     </span>
    </p>
   </div>
  </div>
 </body>
</html>
