1774 3158
337 202 350 228 ι
361 188 415 242 94
563 191 567 194 ”
876 193 909 221 s.
947 190 1138 224 amssnosu

335 348 373 365 Νι
382 348 418 362 ΑΛ
444 349 463 364 Ν
480 333 1678 362 W{WVWNNMVVUVWWUVWVVUVWWUMMMVWVWWMMMMXWWMMWWWVMUW

808 463 1070 521 EPISTOLA
1102 463 1196 506 ΙΨ.

334 605 540 644 Sermone
567 598 730 640 Felicis
757 606 1005 637 recreatum
1025 609 1068 636 se
1089 608 1202 643 esse;
1225 593 1424 635 ‘mamime
1442 607 1545 635 vero
1564 594 1681 648 qaod

389 681 626 714 venturum
647 668 706 709 ad
729 666 921 707 basilicae
940 664 1309 705 consecrationem
1335 677 1435 705 eam
1463 674 1675 720 speraret,

387 752 618 799 postquam
643 737 923 779 celebrassent
954 735 1060 775 inici
1087 733 1162 774 abs
1189 748 1230 774 se
1255 735 1523 790 episcopatus
1543 733 1678 780 diem,

392 812 507 852 Suas
528 809 680 850 adhoc
703 820 845 864 preces
867 806 906 845 εἰ
925 803 1163 858 promittit,
1186 813 1447 858 mutuasque
1461 801 1515 842 ab
1537 802 1684 843 eodem

391 879 572 935 reposcit
591 909 600 924 ,
631 876 737 917 dum
772 872 1051 930 ingredietur
1077 881 1230 911 sancta
1264 881 1529 912 sanctorum.
1572 871 1686 912 Tam

391 964 486 1003 quce
513 947 604 987 ittio
623 944 960 988 contineantur,
985 940 1164 997 ‘mystice
1190 940 1406 991 decursis,
1427 938 1588 980 Felicis
1613 938 1688 979 ad-

386 1015 761 1059 ministrationem
788 1012 1026 1068 praedc'cat,
1052 1009 1367 1066 polliceturque
1402 1008 1626 1064 adjutores
1647 1007 1688 1049 ei

394 1101 484 1128 non
507 1085 742 1140 defuturos.
829 1075 841 1080 ³
1474 1085 1476 1087 ’

700 1215 946 1258 Ambrosius
975 1214 1107 1256 Felici
1135 1214 1328 1255 salutem.

391 1362 420 1402 Ι.
462 1359 562 1400 ETSI
586 1353 733 1396 habitu
751 1350 939 1407 corporis
962 1349 1101 1390 minus
1118 1349 1333 1397 valebam,
1355 1356 1495 1390 tamen
1517 1347 1589 1389 ubi
1607 1363 1690 1390 ser-

332 1443 503 1472 monem
531 1422 721 1467 unanimi
753 1420 855 1462 mihi
881 1419 1063 1476 pectoris
1094 1418 1154 1459 tui
1181 1418 1288 1474 legi,
1320 1433 1403 1460 non
1432 1418 1689 1462 mediocrem

338 1497 506 1555 sumpsi·
522 1497 574 1537 ad
597 1490 975 1535 convalescendum
1000 1488 1193 1544 gratiam,
1208 1481 1322 1544 quasi
1341 1490 1523 1544 quodam
1546 1489 1607 1530 tui
1631 1490 1689 1531 al-

333 1567 463 1625 loquii
481 1564 622 1623 puleio
638 1560 794 1602 refotus
806 1560 845 1614 (7
859 1558 915 1614 1);
935 1558 1059 1600 simul
1072 1557 1166 1614 quia
1182 1558 1393 1599 celebrem
1412 1558 1580 1614 utrique
1597 1573 1691 1601 nos-

338 1648 453 1681 trum
474 1629 731 1676 annuntiasti
755 1628 865 1669 diem
887 1625 1030 1674 affore,
1057 1641 1139 1681 quo
1165 1627 1382 1683 suscepisti
1405 1627 1690 1683 gubernacula

335 1706 490 1751 summi
509 1699 757 1746 sacerdotii,
774 1698 825 1739 de
843 1712 927 1754 quo
947 1711 1042 1738 ante
1061 1705 1320 1738 momentum
1341 1712 1439 1738 cum
1456 1697 1582 1739 fratre
1601 1711 1694 1739 nos-

339 1788 402 1820 tro
439 1773 637 1818 Bassiano
669 1768 885 1824 loquebar.
920 1768 1049 1809 Ortus
1083 1766 1196 1808 enim
1229 1781 1368 1814 sermo
1395 1767 1446 1808 (le
1475 1766 1688 1816 Basilicae,

341 1859 467 1903 quam
496 1839 686 1885 condidit
709 1838 1009 1895 Apostolorum
1039 1836 1233 1885 nomine,
1268 1836 1556 1886 dedicatione,
1580 1837 1695 1879 dedit

340 1915 440 1959 huic
464 1910 648 1955 sermoni
671 1909 800 1954 viam3
817 1907 1024 1963 siquidem
1041 1906 1303 1963 significabat
1321 1908 1435 1963 quod
1451 1908 1597 1949 sedulo
1614 1911 1695 1949 tu'ae

338 1989 546 2043 quzereret
568 1977 804 2022 sanctitatis
828 1977 1112 2034 praesentiam.
1210 1972 1213 1977 ’

402 2055 454 2095 ΙΙ.
491 2052 600 2094 Tum
625 2062 702 2105 ego
737 2047 890 2088 nostris
916 2046 1065 2087 sabulis
1105 2046 1262 2087 intexui
1291 2047 1401 2088 diem
1433 2047 1581 2088 natalis
1609 2047 1694 2097 tui,

341 2124 413 2181 qui
434 2122 545 2164 soret
568 2120 611 2160 in
629 2116 801 2159 exordio
818 2115 1209 2172 ipsoKalendarum
1229 2115 1532 2157 Novembrium
1549 2132 1558 2157 :
1575 2130 1698 2158 eum-

343 2207 450 2249 que,
479 2189 622 2231 sinon
655 2186 845 2234 fallerer,
882 2184 1258 2241 appropinquasse,
1295 2194 1338 2227 et
1373 2187 1551 2228 crastina
1585 2187 1697 2228 cele—

322 2261 553 2316 ·brandum
585 2256 677 2301 die;
710 2255 823 2295 unde
855 2254 1030 2310 posthac
1061 2269 1144 2295 non
1177 2264 1487 2297 excusaturum.
1521 2254 1697 2297 Promisi

345 2345 444 2388 ergo
474 2331 525 2370 de
547 2336 588 2368 te
606 2359 616 2375 ,
650 2324 848 2381 quoniam
870 2332 912 2365 et
934 2323 1008 2366 tibi
1038 2323 1081 2377 id
1107 2325 1158 2365 dc
1180 2339 1247 2366 me
1267 2324 1363 2367 licet
1385 2340 1394 2366 :
1419 2324 1591 2382 promisi
1621 2323 1696 2372 illi,

345 2400 462 2457 exegi
483 2398 611 2446 mihi3
642 2402 947 2453 praesumptum
965 2394 1078 2436 enim
1101 2394 1237 2436 habeo
1259 2396 1374 2451 quod
1399 2395 1604 2440 affuturus
1626 2394 1695 2444 sis,

393 2500 403 2515 ¹
425 2491 552 2533 Scripta
568 2499 643 2521 ann.
665 2488 735 2520 580.
