1774 3158
530 280 811 310 nmsromnnu
843 280 1001 308 eLAssts
1034 281 1060 308 1.
1398 269 1473 312 251

192 360 297 402 Cum
342 358 539 401 reticeret
581 358 814 407 Palladius,
853 358 1057 401 Eusebius
1087 360 1307 418 episcopus
1338 362 1441 406 dixit
1467 377 1476 405 τ

134 431 363 488 Superssuis
387 431 646 471 immoratur.
673 431 754 471 Tot
776 429 1009 486 impietates
1032 429 1143 472 Arrii
1174 432 1380 475 Palladius
1403 449 1480 476 no-

133 502 209 544 luit
249 502 534 543 condemnare
552 532 560 547 ,
596 500 679 540 imo
710 501 849 556 potius
891 501 1113 541 asserendo
1143 502 1357 544 consessus
1401 512 1476 547 est.

133 573 254 612 Hunc
271 571 341 626 qui
363 585 446 611 non
467 571 634 611 damnat
649 601 659 617 ,
689 569 832 609 similis
853 567 1041 610 illius'est
1056 602 1066 617 ,
1089 577 1129 610 et
1151 570 1370 613 haereticus
1387 572 1481 629 jure

133 640 337 682 dicendus
361 648 435 681 est.

191 712 348 754 Omnes
367 711 551 769 episcopi
578 711 772 753 dixerunt
799 725 808 751 :
833 709 868 752 A
890 709 1012 751 nobis
1036 710 1234 752 omnibus
1263 713 1481 756 anathema

135 783 187 824 sit
208 783 405 825 Palladio.

191 853 256 895 LI.
295 853 543 895 Ambrosius
564 853 784 910 episcopus
803 852 933 895 dixit:
954 851 1221 909 Acquiescis,
1242 853 1421 904 Palladi,
1438 863 1485 898 ut

137 933 287 967 ca‘tera
309 924 503 980 legantur
528 924 653 965 Arrii.

191 994 400 1036 Palladius
428 994 530 1036 dixit
557 1009 566 1034 ε
600 994 705 1036 Date
739 994 951 1036 auditores
984 1010 992 1035 :
1022 995 1189 1037 veniant
1213 1003 1254 1037 et
1290 1011 1340 1038 ex
1376 1005 1485 1038 utra·

134 1081 215 1122 que
237 1074 355 1123 parte
385 1074 640 1122 exceptores.
670 1065 761 1107 Non
784 1066 956 1121 potestis
983 1081 1072 1108 esse
1094 1066 1280 1122 judices,
1307 1067 1338 1108 si
1366 1068 1487 1109 audi-

134 1146 246 1178 tores
264 1151 347 1178 non
366 1136 666 1183 habueriums;
689 1144 730 1177 et
755 1135 899 1176 nisiex
922 1145 1097 1192 utraque
1122 1145 1240 1193 parto
1268 1137 1482 1186 venerint,

135 1206 205 1264 qui
224 1206 420 1254 audiant,
447 1221 530 1247 non
549 1206 665 1247 vohis
685 1207 1001 1262 respondemus.

194 1276 442 1318 Ambrosius
464 1276 684 1332 episcopus
709 1275 836 1317 dixit:
860 1276 974 1326 Quos
997 1276 1145 1332 quaeris
1168 1276 1409 1318 auditores?

197 1347 404 1390 Palladius
425 1347 528 1388 dixit
550 1362 558 1387 z
584 1345 690 1388 Sunt
707 1345 775 1387 hic
798 1346 872 1387 viri
893 1346 1084 1388 honorati
1110 1347 1246 1389 multi.

195 1420 374 1463 Sabinus
396 1418 616 1476 episcopus
634 1418 758 1459 dixit:
778 1418 874 1459 Post
893 1426 954 1459 tot
970 1418 1253 1475 blasphemias
1277 1419 1487 1463 auditores

136 1490 274 1550 petis?

193 1560 440 1605 Ambrosius
472 1559 693 1617 episcopus
718 1559 844 1601 dixit:
872 1559 1121 1602 Sacerdotes
1154 1562 1205 1602 de
1235 1561 1352 1603 laicis
1383 1561 1490 1618 judi·

137 1646 235 1675 care
262 1632 439 1681 debent,
473 1646 558 1673 non
579 1631 676 1673 laici
702 1633 753 1673 de
775 1632 1078 1674 sacerdotibus.
1105 1631 1188 1674 Sed
1219 1641 1359 1675 tamen
1382 1649 1487 1691 quos

135 1704 297 1761 judices
321 1712 436 1760 petas
457 1735 465 1750 ,
487 1703 629 1745 dicito.

192 1774 401 1818 Palladius
426 1773 552 1815 dixit:
582 1774 808 1816 Auditores
830 1775 1012 1816 veniant.

194 1845 461 1887 Chromatius
480 1845 700 1901 presbyter
723 1845 826 1886 dixit
850 1860 859 1886 ε
891 1845 1010 1887 Salva
1039 1848 1393 1893 condemnatione
1421 1864 1487 1891 sa-

137 1917 339 1959 cerdotali
357 1948 366 1963 ,
392 1915 489 1972 quin
509 1924 549 1957 et
576 1916 646 1972 qui
670 1916 842 1957 Palladii
865 1925 985 1965 sunt,
1007 1917 1133 1959 etiam
1163 1919 1334 1960 nuncin
1363 1921 1487 1976 pleno

135 1987 341 2042 legantur.

193 2056 280 2098 LlI.
317 2056 524 2098 Palladius
552 2056 654 2098 dixit
677 2072 685 2098 :
714 2056 804 2099 Non
828 2057 1131 2113 permittuntur
1152 2058 1279 2115 loqui.
1306 2057 1487 2100 Audito-

137 2142 202 2169 res
220 2128 386 2168 veniant
401 2160 411 2176 ‚
432 2135 472 2169 et
499 2143 548 2169 ex
572 2137 750 2184 utraque
773 2138 891 2185 parto
911 2137 1158 2186 exceptores
1177 2162 1186 2177 ,
1206 2138 1247 2171 et
1267 2132 1491 2187 responde-

137 2196 242 2238 hunt
259 2197 375 2238 vobis
394 2197 435 2239 hi
459 2198 500 2239 in
520 2197 709 2240 Concilio
726 2199 923 2251 generali.

196 2267 443 2309 Ambrosius
464 2268 684 2325 episcopus
709 2269 836 2310 dixit:
862 2269 948 2311 Etsi
972 2269 1012 2310 in
1035 2271 1178 2312 multis
1203 2271 1491 2328 impietatibus

140 2337 429 2393 deprehensus
463 2338 539 2386 sit,
578 2340 878 2381 erubescemus
912 2349 1078 2390 tamen,
1116 2351 1163 2384 ut
1192 2342 1383 2384 videatur
1420 2343 1492 2399 qui

138 2407 418 2449 sacerdotium
440 2408 517 2449 sibi
539 2409 744 2459 vindicat,
773 2425 791 2451 a
816 2411 934 2452 laicis
961 2427 1050 2452 esse
1073 2413 1294 2454 damnatus
1318 2429 1326 2454 :
1355 2429 1400 2455 ac
1420 2430 1494 2470 per

138 2478 220 2521 hoc
241 2493 408 2535 quoque
436 2487 477 2520 et
504 2480 544 2520 in
572 2480 652 2522 hoc
677 2481 765 2537 ipso
794 2483 1056 2523 damnandus
1077 2492 1163 2531 est,
1191 2484 1260 2539 qui
1282 2485 1488 2526 laicorum

140 2557 332 2607 expectat
349 2550 598 2592 sententiam
619 2567 631 2599 3
656 2566 752 2593 cum
777 2552 908 2608 magis
928 2552 979 2594 de
1005 2554 1122 2594 laicis
1152 2553 1391 2595 sacerdotes
1414 2555 1490 2597 de-

139 2619 266 2660 beant
288 2619 493 2675 judicare.
517 2621 636 2662 Juxta
663 2636 711 2662 ea
732 2637 823 2677 quae
848 2623 974 2664 hodie
1002 2623 1235 2665 audivimus
1258 2624 1490 2667 Palladium

141 2688 407 2747 profitentem
423 2698 487 2738 ,et
504 2690 619 2748 juxta
638 2707 684 2733 ea
702 2707 794 2749 quae
815 2693 1100 2737 condemnare
1121 2694 1279 2742 noluit,
1301 2708 1493 2753 pronun-
