<?xml version="1.0" encoding="UTF-8"?>
<!DOCTYPE html PUBLIC "-//W3C//DTD XHTML 1.0 Transitional//EN"
    "http://www.w3.org/TR/xhtml1/DTD/xhtml1-transitional.dtd">
<html xmlns="http://www.w3.org/1999/xhtml" xml:lang="en" lang="en">
 <head>
  <title>
</title>
<meta http-equiv="Content-Type" content="text/html;charset=utf-8" />
  <meta name='ocr-system' content='tesseract 3.04.00' />
  <meta name='ocr-capabilities' content='ocr_page ocr_carea ocr_par ocr_line ocrx_word'/>
</head>
<body>
  <div class='ocr_page' id='page_1' title='image "./omniaequaeextant08ambruoft_0274.png"; bbox 0 0 1774 3158; ppageno 0'>
   <div class='ocr_carea' id='block_1_1' title="bbox 253 225 1068 275">
    <p class='ocr_par' dir='ltr' id='par_1_1' title="bbox 253 225 1068 275">
     <span class='ocr_line' id='line_1_1' title="bbox 253 225 1068 275; baseline 0 -15"><span class='ocrx_word' id='word_1_1' title='bbox 253 225 334 275; x_wconf 73' lang='lat'>264</span> <span class='ocrx_word' id='word_1_2' title='bbox 803 233 834 260; x_wconf 86' lang='lat' dir='ltr'>s.</span> <span class='ocrx_word' id='word_1_3' title='bbox 876 234 1068 260; x_wconf 65' lang='lat' dir='ltr'>Atianosn</span> 
     </span>
    </p>
   </div>
   <div class='ocr_carea' id='block_1_2' title="bbox 210 311 1640 2606">
    <p class='ocr_par' dir='ltr' id='par_1_2' title="bbox 250 311 1618 784">
     <span class='ocr_line' id='line_1_2' title="bbox 250 311 1611 370; baseline -0.004 -13"><span class='ocrx_word' id='word_1_4' title='bbox 250 312 449 357; x_wconf 82' lang='lat' dir='ltr'>cretionis</span> <span class='ocrx_word' id='word_1_5' title='bbox 472 312 624 370; x_wconf 83' lang='lat' dir='ltr'>gradus</span> <span class='ocrx_word' id='word_1_6' title='bbox 648 311 826 367; x_wconf 88' lang='lat' dir='ltr'>alicujus</span> <span class='ocrx_word' id='word_1_7' title='bbox 841 343 851 359; x_wconf 94' lang='lat'>,</span> <span class='ocrx_word' id='word_1_8' title='bbox 872 311 1279 368; x_wconf 84' lang='lat' dir='ltr'>autmagnitudinis‚</span> <span class='ocrx_word' id='word_1_9' title='bbox 1305 312 1500 354; x_wconf 87' lang='lat' dir='ltr'>ubiesset</span> <span class='ocrx_word' id='word_1_10' title='bbox 1514 312 1611 353; x_wconf 88' lang='lat' dir='ltr'>uni·</span> 
     </span>
     <span class='ocr_line' id='line_1_3' title="bbox 253 381 1612 439; baseline -0.002 -13"><span class='ocrx_word' id='word_1_11' title='bbox 253 393 315 426; x_wconf 86' lang='lat' dir='ltr'>tas</span> <span class='ocrx_word' id='word_1_12' title='bbox 334 381 578 439; x_wconf 85' lang='lat' dir='ltr'>potestatis;</span> <span class='ocrx_word' id='word_1_13' title='bbox 600 396 687 422; x_wconf 91' lang='lat' dir='ltr'>non</span> <span class='ocrx_word' id='word_1_14' title='bbox 703 382 837 422; x_wconf 87' lang='lat' dir='ltr'>solum</span> <span class='ocrx_word' id='word_1_15' title='bbox 853 381 911 422; x_wconf 91' lang='lat' dir='ltr'>illi</span> <span class='ocrx_word' id='word_1_16' title='bbox 927 382 1394 423; x_wconf 87' lang='lat' dir='ltr'>nolueruntemendare</span> <span class='ocrx_word' id='word_1_17' title='bbox 1405 396 1612 433; x_wconf 85' lang='lat' dir='ltr'>errorem,</span> 
     </span>
     <span class='ocr_line' id='line_1_4' title="bbox 267 450 1616 507; baseline -0.001 -13"><span class='ocrx_word' id='word_1_18' title='bbox 267 452 341 494; x_wconf 84' lang='lat' dir='ltr'>sed</span> <span class='ocrx_word' id='word_1_19' title='bbox 363 452 488 493; x_wconf 80' lang='lat' dir='ltr'>etiam</span> <span class='ocrx_word' id='word_1_20' title='bbox 502 451 712 492; x_wconf 62' lang='lat' dir='ltr'>vesaniam</span> <span class='ocrx_word' id='word_1_21' title='bbox 731 465 884 506; x_wconf 84' lang='lat' dir='ltr'>augere</span> <span class='ocrx_word' id='word_1_22' title='bbox 898 457 1143 506; x_wconf 79' lang='lat' dir='ltr'>coeperunt,</span> <span class='ocrx_word' id='word_1_23' title='bbox 1169 459 1215 492; x_wconf 86' lang='lat' dir='ltr'>ut</span> <span class='ocrx_word' id='word_1_24' title='bbox 1232 452 1526 507; x_wconf 84' lang='lat' dir='ltr'>etsubjectum</span> <span class='ocrx_word' id='word_1_25' title='bbox 1549 450 1616 493; x_wconf 78' lang='lat' dir='ltr'>se-</span> 
     </span>
     <span class='ocr_line' id='line_1_5' title="bbox 266 520 1615 575; baseline -0.001 -12"><span class='ocrx_word' id='word_1_26' title='bbox 266 522 456 563; x_wconf 89' lang='lat' dir='ltr'>cundum</span> <span class='ocrx_word' id='word_1_27' title='bbox 473 520 744 562; x_wconf 76' lang='lat' dir='ltr'>Divinitatem</span> <span class='ocrx_word' id='word_1_28' title='bbox 768 520 958 561; x_wconf 88' lang='lat' dir='ltr'>dicerent</span> <span class='ocrx_word' id='word_1_29' title='bbox 978 520 1131 561; x_wconf 90' lang='lat' dir='ltr'>Filium</span> <span class='ocrx_word' id='word_1_30' title='bbox 1147 550 1158 568; x_wconf 89' lang='lat'>‚</span> <span class='ocrx_word' id='word_1_31' title='bbox 1184 521 1301 575; x_wconf 85' lang='lat' dir='ltr'>quasi</span> <span class='ocrx_word' id='word_1_32' title='bbox 1324 522 1407 562; x_wconf 86' lang='lat' dir='ltr'>ulla</span> <span class='ocrx_word' id='word_1_33' title='bbox 1439 521 1515 563; x_wconf 92' lang='lat' dir='ltr'>Dei</span> <span class='ocrx_word' id='word_1_34' title='bbox 1555 535 1615 561; x_wconf 86' lang='lat' dir='ltr'>se-</span> 
     </span>
     <span class='ocr_line' id='line_1_6' title="bbox 260 589 1618 644; baseline -0.001 -13"><span class='ocrx_word' id='word_1_35' title='bbox 260 592 451 632; x_wconf 90' lang='lat' dir='ltr'>cundum</span> <span class='ocrx_word' id='word_1_36' title='bbox 474 589 745 631; x_wconf 84' lang='lat' dir='ltr'>Divinitatem</span> <span class='ocrx_word' id='word_1_37' title='bbox 770 598 812 630; x_wconf 91' lang='lat' dir='ltr'>et</span> <span class='ocrx_word' id='word_1_38' title='bbox 832 589 1094 644; x_wconf 86' lang='lat' dir='ltr'>majestatem</span> <span class='ocrx_word' id='word_1_39' title='bbox 1117 603 1233 629; x_wconf 88' lang='lat' dir='ltr'>suam</span> <span class='ocrx_word' id='word_1_40' title='bbox 1255 590 1385 644; x_wconf 83' lang='lat' dir='ltr'>possit</span> <span class='ocrx_word' id='word_1_41' title='bbox 1412 605 1500 632; x_wconf 84' lang='lat' dir='ltr'>esse</span> <span class='ocrx_word' id='word_1_42' title='bbox 1517 590 1618 631; x_wconf 59' lang='lat' dir='ltr'>sub«</span> 
     </span>
     <span class='ocr_line' id='line_1_7' title="bbox 258 658 1614 717; baseline 0 -15"><span class='ocrx_word' id='word_1_43' title='bbox 258 659 401 717; x_wconf 86' lang='lat' dir='ltr'>jectio.</span> <span class='ocrx_word' id='word_1_44' title='bbox 426 659 604 702; x_wconf 86' lang='lat' dir='ltr'>Mortem</span> <span class='ocrx_word' id='word_1_45' title='bbox 627 658 808 715; x_wconf 89' lang='lat' dir='ltr'>denique</span> <span class='ocrx_word' id='word_1_46' title='bbox 829 658 920 714; x_wconf 82' lang='lat' dir='ltr'>ejus</span> <span class='ocrx_word' id='word_1_47' title='bbox 945 673 1028 699; x_wconf 88' lang='lat' dir='ltr'>non</span> <span class='ocrx_word' id='word_1_48' title='bbox 1051 659 1102 699; x_wconf 87' lang='lat' dir='ltr'>ad</span> <span class='ocrx_word' id='word_1_49' title='bbox 1125 668 1440 701; x_wconf 85' lang='lat' dir='ltr'>sacramentum</span> <span class='ocrx_word' id='word_1_50' title='bbox 1462 668 1614 702; x_wconf 68' lang='lat' dir='ltr'>nostrae</span> 
     </span>
     <span class='ocr_line' id='line_1_8' title="bbox 267 727 1615 784; baseline -0.001 -13"><span class='ocrx_word' id='word_1_51' title='bbox 267 730 412 771; x_wconf 85' lang='lat' dir='ltr'>salutis</span> <span class='ocrx_word' id='word_1_52' title='bbox 425 761 435 777; x_wconf 91' lang='lat'>,</span> <span class='ocrx_word' id='word_1_53' title='bbox 454 731 528 770; x_wconf 85' lang='lat' dir='ltr'>sed</span> <span class='ocrx_word' id='word_1_54' title='bbox 551 730 602 770; x_wconf 80' lang='lat' dir='ltr'>ad</span> <span class='ocrx_word' id='word_1_55' title='bbox 618 727 906 769; x_wconf 82' lang='lat' dir='ltr'>infirmitatem</span> <span class='ocrx_word' id='word_1_56' title='bbox 920 729 1144 784; x_wconf 87' lang='lat' dir='ltr'>quamdam</span> <span class='ocrx_word' id='word_1_57' title='bbox 1161 728 1398 770; x_wconf 68' lang='lat' dir='ltr'>Divinitati‘s</span> <span class='ocrx_word' id='word_1_58' title='bbox 1412 729 1615 771; x_wconf 84' lang='lat' dir='ltr'>referunt.</span> 
     </span>
    </p>

    <p class='ocr_par' dir='ltr' id='par_1_3' title="bbox 259 797 1632 1608">
     <span class='ocr_line' id='line_1_9' title="bbox 321 797 1619 853; baseline 0.001 -14"><span class='ocrx_word' id='word_1_59' title='bbox 321 798 430 840; x_wconf 86' lang='lat' dir='ltr'>VIII.</span> <span class='ocrx_word' id='word_1_60' title='bbox 463 798 720 845; x_wconf 85' lang='lat' dir='ltr'>Horremus,</span> <span class='ocrx_word' id='word_1_61' title='bbox 750 797 1064 838; x_wconf 83' lang='lat' dir='ltr'>clementissimi</span> <span class='ocrx_word' id='word_1_62' title='bbox 1104 797 1321 853; x_wconf 75' lang='lat' dir='ltr'>Principes</span> <span class='ocrx_word' id='word_1_63' title='bbox 1340 830 1349 845; x_wconf 92' lang='lat'>,</span> <span class='ocrx_word' id='word_1_64' title='bbox 1381 806 1466 839; x_wconf 89' lang='lat' dir='ltr'>tam</span> <span class='ocrx_word' id='word_1_65' title='bbox 1504 799 1590 840; x_wconf 86' lang='lat' dir='ltr'>dira</span> <span class='ocrx_word' id='word_1_66' title='bbox 1609 831 1619 846; x_wconf 89' lang='lat'>,</span> 
     </span>
     <span class='ocr_line' id='line_1_10' title="bbox 259 867 1622 924; baseline -0.001 -14"><span class='ocrx_word' id='word_1_67' title='bbox 259 867 487 923; x_wconf 82' lang='lat' dir='ltr'>sacrilegia</span> <span class='ocrx_word' id='word_1_68' title='bbox 506 900 514 915; x_wconf 90' lang='lat'>,</span> <span class='ocrx_word' id='word_1_69' title='bbox 549 882 786 924; x_wconf 86' lang='lat' dir='ltr'>pravosque</span> <span class='ocrx_word' id='word_1_70' title='bbox 816 868 1011 908; x_wconf 85' lang='lat' dir='ltr'>doctores</span> <span class='ocrx_word' id='word_1_71' title='bbox 1047 882 1055 907; x_wconf 90' lang='lat'>:</span> <span class='ocrx_word' id='word_1_72' title='bbox 1094 875 1209 907; x_wconf 84' lang='lat' dir='ltr'>etue</span> <span class='ocrx_word' id='word_1_73' title='bbox 1247 868 1425 909; x_wconf 85' lang='lat' dir='ltr'>ulterius</span> <span class='ocrx_word' id='word_1_74' title='bbox 1447 869 1622 924; x_wconf 87' lang='lat' dir='ltr'>populos</span> 
     </span>
     <span class='ocr_line' id='line_1_11' title="bbox 268 936 1625 994; baseline 0 -15"><span class='ocrx_word' id='word_1_75' title='bbox 268 937 515 994; x_wconf 82' lang='lat' dir='ltr'><strong>deciperent</strong></span> <span class='ocrx_word' id='word_1_76' title='bbox 531 951 635 992; x_wconf 88' lang='lat' dir='ltr'>quos</span> <span class='ocrx_word' id='word_1_77' title='bbox 662 937 886 985; x_wconf 83' lang='lat' dir='ltr'>tenebant,</span> <span class='ocrx_word' id='word_1_78' title='bbox 911 936 1147 977; x_wconf 83' lang='lat' dir='ltr'>sacerdotio</span> <span class='ocrx_word' id='word_1_79' title='bbox 1165 939 1402 992; x_wconf 84' lang='lat' dir='ltr'>putavimus</span> <span class='ocrx_word' id='word_1_80' title='bbox 1423 938 1625 980; x_wconf 78' lang='lat' dir='ltr'>abdican-</span> 
     </span>
     <span class='ocr_line' id='line_1_12' title="bbox 269 1005 1620 1061; baseline 0 -14"><span class='ocrx_word' id='word_1_81' title='bbox 269 1007 369 1054; x_wconf 88' lang='lat' dir='ltr'>dos,</span> <span class='ocrx_word' id='word_1_82' title='bbox 409 1006 611 1061; x_wconf 89' lang='lat' dir='ltr'>quoniam</span> <span class='ocrx_word' id='word_1_83' title='bbox 651 1006 808 1047; x_wconf 87' lang='lat' dir='ltr'>subditi</span> <span class='ocrx_word' id='word_1_84' title='bbox 838 1006 970 1046; x_wconf 77' lang='lat' dir='ltr'>libelli</span> <span class='ocrx_word' id='word_1_85' title='bbox 1007 1005 1293 1059; x_wconf 75' lang='lat' dir='ltr'>impietatibus</span> <span class='ocrx_word' id='word_1_86' title='bbox 1321 1007 1620 1048; x_wconf 85' lang='lat' dir='ltr'>concinebant.</span> 
     </span>
     <span class='ocr_line' id='line_1_13' title="bbox 265 1074 1620 1132; baseline 0.001 -15"><span class='ocrx_word' id='word_1_87' title='bbox 265 1075 414 1131; x_wconf 85' lang='lat' dir='ltr'><strong>Neque</strong></span> <span class='ocrx_word' id='word_1_88' title='bbox 441 1075 554 1117; x_wconf 89' lang='lat' dir='ltr'>enim</span> <span class='ocrx_word' id='word_1_89' title='bbox 568 1076 741 1132; x_wconf 85' lang='lat' dir='ltr'>dignum</span> <span class='ocrx_word' id='word_1_90' title='bbox 754 1084 816 1117; x_wconf 86' lang='lat' dir='ltr'>est</span> <span class='ocrx_word' id='word_1_91' title='bbox 834 1074 979 1130; x_wconf 87' lang='lat' dir='ltr'>utejus</span> <span class='ocrx_word' id='word_1_92' title='bbox 993 1075 1276 1116; x_wconf 82' lang='lat' dir='ltr'>sacerdotium</span> <span class='ocrx_word' id='word_1_93' title='bbox 1297 1077 1374 1117; x_wconf 89' lang='lat' dir='ltr'>sibi</span> <span class='ocrx_word' id='word_1_94' title='bbox 1392 1076 1620 1125; x_wconf 82' lang='lat' dir='ltr'>vindicent,</span> 
     </span>
     <span class='ocr_line' id='line_1_14' title="bbox 274 1144 1627 1203; baseline 0.001 -16"><span class='ocrx_word' id='word_1_95' title='bbox 274 1161 400 1202; x_wconf 89' lang='lat' dir='ltr'>quem</span> <span class='ocrx_word' id='word_1_96' title='bbox 427 1155 650 1203; x_wconf 82' lang='lat' dir='ltr'>negarunt.</span> <span class='ocrx_word' id='word_1_97' title='bbox 678 1146 870 1188; x_wconf 75' lang='lat' dir='ltr'>Vestram</span> <span class='ocrx_word' id='word_1_98' title='bbox 893 1144 1019 1186; x_wconf 85' lang='lat' dir='ltr'>fidem</span> <span class='ocrx_word' id='word_1_99' title='bbox 1037 1177 1047 1192; x_wconf 91' lang='lat'>,</span> <span class='ocrx_word' id='word_1_100' title='bbox 1073 1153 1251 1186; x_wconf 79' lang='lat' dir='ltr'>vestram</span> <span class='ocrx_word' id='word_1_101' title='bbox 1275 1147 1450 1202; x_wconf 81' lang='lat' dir='ltr'>gloriam</span> <span class='ocrx_word' id='word_1_102' title='bbox 1476 1148 1627 1202; x_wconf 87' lang='lat' dir='ltr'>depre-</span> 
     </span>
     <span class='ocr_line' id='line_1_15' title="bbox 269 1215 1625 1272; baseline 0 -15"><span class='ocrx_word' id='word_1_103' title='bbox 269 1231 418 1257; x_wconf 81' lang='lat' dir='ltr'>camur</span> <span class='ocrx_word' id='word_1_104' title='bbox 439 1249 449 1265; x_wconf 92' lang='lat'>,</span> <span class='ocrx_word' id='word_1_105' title='bbox 479 1225 526 1258; x_wconf 90' lang='lat' dir='ltr'>ut</span> <span class='ocrx_word' id='word_1_106' title='bbox 549 1216 830 1258; x_wconf 77' lang='lat' dir='ltr'>reverentiam</span> <span class='ocrx_word' id='word_1_107' title='bbox 853 1215 1019 1272; x_wconf 86' lang='lat' dir='ltr'>imperii</span> <span class='ocrx_word' id='word_1_108' title='bbox 1046 1215 1171 1256; x_wconf 85' lang='lat' dir='ltr'>vestri</span> <span class='ocrx_word' id='word_1_109' title='bbox 1209 1216 1403 1258; x_wconf 81' lang='lat' dir='ltr'>deferatis</span> <span class='ocrx_word' id='word_1_110' title='bbox 1428 1217 1592 1258; x_wconf 83' lang='lat' dir='ltr'>auctori</span> <span class='ocrx_word' id='word_1_111' title='bbox 1614 1249 1625 1265; x_wconf 93' lang='lat'>,</span> 
     </span>
     <span class='ocr_line' id='line_1_16' title="bbox 267 1285 1625 1342; baseline -0.001 -15"><span class='ocrx_word' id='word_1_112' title='bbox 267 1285 560 1341; x_wconf 75' lang='lat' dir='ltr'>censeatisque</span> <span class='ocrx_word' id='word_1_113' title='bbox 603 1285 830 1342; x_wconf 86' lang='lat' dir='ltr'>impietatis</span> <span class='ocrx_word' id='word_1_114' title='bbox 853 1292 1097 1331; x_wconf 76' lang='lat' dir='ltr'>assertores,</span> <span class='ocrx_word' id='word_1_115' title='bbox 1131 1286 1402 1328; x_wconf 81' lang='lat' dir='ltr'>etadulteros</span> <span class='ocrx_word' id='word_1_116' title='bbox 1425 1285 1625 1333; x_wconf 85' lang='lat' dir='ltr'>veritatis,</span> 
     </span>
     <span class='ocr_line' id='line_1_17' title="bbox 273 1353 1626 1412; baseline -0.001 -16"><span class='ocrx_word' id='word_1_117' title='bbox 273 1355 381 1397; x_wconf 82' lang='lat' dir='ltr'>datis</span> <span class='ocrx_word' id='word_1_118' title='bbox 407 1356 597 1412; x_wconf 81' lang='lat' dir='ltr'>apicibus</span> <span class='ocrx_word' id='word_1_119' title='bbox 619 1356 854 1397; x_wconf 69' lang='lat' dir='ltr'>clementiae</span> <span class='ocrx_word' id='word_1_120' title='bbox 878 1363 1022 1396; x_wconf 81' lang='lat' dir='ltr'>vestrae</span> <span class='ocrx_word' id='word_1_121' title='bbox 1046 1353 1097 1395; x_wconf 88' lang='lat' dir='ltr'>ad</span> <span class='ocrx_word' id='word_1_122' title='bbox 1123 1353 1280 1409; x_wconf 86' lang='lat' dir='ltr'>judicia</span> <span class='ocrx_word' id='word_1_123' title='bbox 1304 1355 1590 1412; x_wconf 82' lang='lat' dir='ltr'>competentia</span> <span class='ocrx_word' id='word_1_124' title='bbox 1615 1387 1626 1403; x_wconf 96' lang='lat'>,</span> 
     </span>
     <span class='ocr_line' id='line_1_18' title="bbox 278 1425 1632 1472; baseline -0.001 -4"><span class='ocrx_word' id='word_1_125' title='bbox 278 1426 327 1468; x_wconf 89' lang='lat' dir='ltr'>ab</span> <span class='ocrx_word' id='word_1_126' title='bbox 349 1426 551 1468; x_wconf 85' lang='lat' dir='ltr'>Ecclesiae</span> <span class='ocrx_word' id='word_1_127' title='bbox 575 1427 779 1468; x_wconf 86' lang='lat' dir='ltr'>arcendos</span> <span class='ocrx_word' id='word_1_128' title='bbox 799 1442 888 1468; x_wconf 86' lang='lat' dir='ltr'>esse</span> <span class='ocrx_word' id='word_1_129' title='bbox 926 1425 1169 1472; x_wconf 78' lang='lat' dir='ltr'>liminibus,</span> <span class='ocrx_word' id='word_1_130' title='bbox 1202 1434 1242 1466; x_wconf 87' lang='lat' dir='ltr'>et</span> <span class='ocrx_word' id='word_1_131' title='bbox 1273 1435 1318 1467; x_wconf 86' lang='lat' dir='ltr'>ut</span> <span class='ocrx_word' id='word_1_132' title='bbox 1343 1427 1383 1468; x_wconf 91' lang='lat' dir='ltr'>in</span> <span class='ocrx_word' id='word_1_133' title='bbox 1409 1428 1632 1468; x_wconf 84' lang='lat' dir='ltr'>damnato-</span> 
     </span>
     <span class='ocr_line' id='line_1_19' title="bbox 272 1495 1630 1553; baseline -0.001 -16"><span class='ocrx_word' id='word_1_134' title='bbox 272 1511 369 1537; x_wconf 88' lang='lat' dir='ltr'>rum</span> <span class='ocrx_word' id='word_1_135' title='bbox 388 1497 529 1539; x_wconf 83' lang='lat' dir='ltr'>locum</span> <span class='ocrx_word' id='word_1_136' title='bbox 548 1511 624 1553; x_wconf 91' lang='lat' dir='ltr'>per</span> <span class='ocrx_word' id='word_1_137' title='bbox 646 1505 799 1539; x_wconf 83' lang='lat' dir='ltr'>nostrae</span> <span class='ocrx_word' id='word_1_138' title='bbox 820 1496 1037 1553; x_wconf 79' lang='lat' dir='ltr'>parvitatis</span> <span class='ocrx_word' id='word_1_139' title='bbox 1059 1496 1218 1549; x_wconf 75' lang='lat' dir='ltr'>legatos</span> <span class='ocrx_word' id='word_1_140' title='bbox 1239 1495 1373 1536; x_wconf 85' lang='lat' dir='ltr'>sancti</span> <span class='ocrx_word' id='word_1_141' title='bbox 1397 1495 1630 1550; x_wconf 80' lang='lat' dir='ltr'>subrogen-</span> 
     </span>
     <span class='ocr_line' id='line_1_20' title="bbox 283 1567 612 1608; baseline 0.003 -1"><span class='ocrx_word' id='word_1_142' title='bbox 283 1567 612 1608; x_wconf 81' lang='lat' dir='ltr'>tursacerdotes.</span> 
     </span>
    </p>

    <p class='ocr_par' dir='ltr' id='par_1_4' title="bbox 275 1635 1636 1973">
     <span class='ocr_line' id='line_1_21' title="bbox 332 1635 1630 1694; baseline -0.002 -16"><span class='ocrx_word' id='word_1_143' title='bbox 332 1637 406 1679; x_wconf 89' lang='lat' dir='ltr'>IX.</span> <span class='ocrx_word' id='word_1_144' title='bbox 444 1636 632 1678; x_wconf 85' lang='lat' dir='ltr'>Attalum</span> <span class='ocrx_word' id='word_1_145' title='bbox 666 1651 836 1692; x_wconf 87' lang='lat' dir='ltr'>quoque</span> <span class='ocrx_word' id='word_1_146' title='bbox 866 1637 1165 1693; x_wconf 77' lang='lat' dir='ltr'>presbyterum</span> <span class='ocrx_word' id='word_1_147' title='bbox 1198 1639 1249 1679; x_wconf 88' lang='lat' dir='ltr'>de</span> <span class='ocrx_word' id='word_1_148' title='bbox 1286 1635 1630 1694; x_wconf 62' lang='lat' dir='ltr'>praevaricatione</span> 
     </span>
     <span class='ocr_line' id='line_1_22' title="bbox 275 1705 1627 1763; baseline -0.001 -15"><span class='ocrx_word' id='word_1_149' title='bbox 275 1705 514 1748; x_wconf 85' lang='lat' dir='ltr'>confessum</span> <span class='ocrx_word' id='word_1_150' title='bbox 536 1738 543 1752; x_wconf 88' lang='lat'><strong>‚</strong></span> <span class='ocrx_word' id='word_1_151' title='bbox 566 1714 608 1748; x_wconf 86' lang='lat' dir='ltr'>et</span> <span class='ocrx_word' id='word_1_152' title='bbox 625 1706 799 1748; x_wconf 85' lang='lat' dir='ltr'>Palladii</span> <span class='ocrx_word' id='word_1_153' title='bbox 821 1707 940 1763; x_wconf 82' lang='lat'>(100)</span> <span class='ocrx_word' id='word_1_154' title='bbox 970 1707 1200 1763; x_wconf 80' lang='lat' dir='ltr'>sacrilegiis</span> <span class='ocrx_word' id='word_1_155' title='bbox 1224 1707 1500 1748; x_wconf 58' lang='lat' dir='ltr'>inhaerentem</span> <span class='ocrx_word' id='word_1_156' title='bbox 1516 1739 1526 1754; x_wconf 93' lang='lat'>,</span> <span class='ocrx_word' id='word_1_157' title='bbox 1559 1721 1627 1762; x_wconf 85' lang='lat' dir='ltr'>pa-</span> 
     </span>
     <span class='ocr_line' id='line_1_23' title="bbox 275 1775 1634 1833; baseline -0.001 -17"><span class='ocrx_word' id='word_1_158' title='bbox 275 1775 362 1817; x_wconf 90' lang='lat' dir='ltr'>rilis</span> <span class='ocrx_word' id='word_1_159' title='bbox 387 1776 594 1817; x_wconf 85' lang='lat' dir='ltr'>sententia</span> <span class='ocrx_word' id='word_1_160' title='bbox 617 1777 957 1833; x_wconf 88' lang='lat' dir='ltr'>comprehendit.</span> <span class='ocrx_word' id='word_1_161' title='bbox 986 1776 1091 1819; x_wconf 70' lang='lat' dir='ltr'>Nam</span> <span class='ocrx_word' id='word_1_162' title='bbox 1116 1777 1217 1833; x_wconf 87' lang='lat' dir='ltr'>quid</span> <span class='ocrx_word' id='word_1_163' title='bbox 1244 1777 1295 1818; x_wconf 85' lang='lat' dir='ltr'>dc</span> <span class='ocrx_word' id='word_1_164' title='bbox 1321 1776 1520 1833; x_wconf 79' lang='lat' dir='ltr'>magistro</span> <span class='ocrx_word' id='word_1_165' title='bbox 1543 1775 1634 1831; x_wconf 89' lang='lat' dir='ltr'>ejus</span> 
     </span>
     <span class='ocr_line' id='line_1_24' title="bbox 275 1844 1636 1904; baseline 0 -18"><span class='ocrx_word' id='word_1_166' title='bbox 275 1845 446 1887; x_wconf 70' lang='lat' dir='ltr'>&lt;Iuliano</span> <span class='ocrx_word' id='word_1_167' title='bbox 467 1844 643 1887; x_wconf 84' lang='lat' dir='ltr'>Valente</span> <span class='ocrx_word' id='word_1_168' title='bbox 666 1847 886 1888; x_wconf 76' lang='lat' dir='ltr'>dicamus?</span> <span class='ocrx_word' id='word_1_169' title='bbox 909 1847 980 1903; x_wconf 88' lang='lat' dir='ltr'>qui</span> <span class='ocrx_word' id='word_1_170' title='bbox 1002 1862 1101 1888; x_wconf 89' lang='lat' dir='ltr'>cum</span> <span class='ocrx_word' id='word_1_171' title='bbox 1119 1856 1229 1889; x_wconf 82' lang='lat' dir='ltr'>esset</span> <span class='ocrx_word' id='word_1_172' title='bbox 1247 1848 1485 1904; x_wconf 78' lang='lat' dir='ltr'>proximus,</span> <span class='ocrx_word' id='word_1_173' title='bbox 1511 1845 1636 1887; x_wconf 87' lang='lat' dir='ltr'>decli-</span> 
     </span>
     <span class='ocr_line' id='line_1_25' title="bbox 276 1915 1635 1973; baseline -0.001 -17"><span class='ocrx_word' id='word_1_174' title='bbox 276 1915 389 1956; x_wconf 84' lang='lat' dir='ltr'>navit</span> <span class='ocrx_word' id='word_1_175' title='bbox 416 1916 680 1957; x_wconf 77' lang='lat' dir='ltr'>sacerdotate</span> <span class='ocrx_word' id='word_1_176' title='bbox 706 1916 970 1964; x_wconf 83' lang='lat' dir='ltr'>Concilium3</span> <span class='ocrx_word' id='word_1_177' title='bbox 999 1931 1052 1958; x_wconf 90' lang='lat' dir='ltr'>ne</span> <span class='ocrx_word' id='word_1_178' title='bbox 1076 1931 1232 1957; x_wconf 83' lang='lat' dir='ltr'>eversae</span> <span class='ocrx_word' id='word_1_179' title='bbox 1250 1917 1393 1973; x_wconf 84' lang='lat' dir='ltr'>patriae</span> <span class='ocrx_word' id='word_1_180' title='bbox 1409 1948 1419 1963; x_wconf 94' lang='lat'>,</span> <span class='ocrx_word' id='word_1_181' title='bbox 1441 1915 1635 1971; x_wconf 89' lang='lat' dir='ltr'>prodito-</span> 
     </span>
    </p>

    <p class='ocr_par' dir='ltr' id='par_1_5' title="bbox 210 1977 1640 2466">
     <span class='ocr_line' id='line_1_26' title="bbox 210 1977 1630 2042; baseline 0 -17"><span class='ocrx_word' id='word_1_182' title='bbox 210 1977 215 2004; x_wconf 69' lang='grc'>“’</span> <span class='ocrx_word' id='word_1_183' title='bbox 275 1999 454 2040; x_wconf 86' lang='lat' dir='ltr'>rumque</span> <span class='ocrx_word' id='word_1_184' title='bbox 482 1984 638 2026; x_wconf 88' lang='lat' dir='ltr'>civium</span> <span class='ocrx_word' id='word_1_185' title='bbox 672 1993 870 2042; x_wconf 77' lang='lat' dir='ltr'>praestare</span> <span class='ocrx_word' id='word_1_186' title='bbox 904 2000 1051 2027; x_wconf 87' lang='lat' dir='ltr'>causas</span> <span class='ocrx_word' id='word_1_187' title='bbox 1076 1987 1366 2027; x_wconf 81' lang='lat' dir='ltr'>sacerdotibus</span> <span class='ocrx_word' id='word_1_188' title='bbox 1392 1993 1630 2042; x_wconf 80' lang='lat' dir='ltr'>cogeretur.</span> 
     </span>
     <span class='ocr_line' id='line_1_27' title="bbox 278 2056 1636 2112; baseline 0 -15"><span class='ocrx_word' id='word_1_189' title='bbox 278 2056 362 2107; x_wconf 86' lang='lat' dir='ltr'>Qui</span> <span class='ocrx_word' id='word_1_190' title='bbox 397 2056 524 2098; x_wconf 87' lang='lat' dir='ltr'>etiam</span> <span class='ocrx_word' id='word_1_191' title='bbox 549 2065 769 2112; x_wconf 84' lang='lat' dir='ltr'>torquem,</span> <span class='ocrx_word' id='word_1_192' title='bbox 798 2065 843 2098; x_wconf 91' lang='lat' dir='ltr'>ut</span> <span class='ocrx_word' id='word_1_193' title='bbox 870 2057 1095 2105; x_wconf 80' lang='lat' dir='ltr'>asseritur,</span> <span class='ocrx_word' id='word_1_194' title='bbox 1120 2066 1162 2099; x_wconf 88' lang='lat' dir='ltr'>et</span> <span class='ocrx_word' id='word_1_195' title='bbox 1185 2057 1402 2099; x_wconf 85' lang='lat' dir='ltr'>brachiale</span> <span class='ocrx_word' id='word_1_196' title='bbox 1421 2089 1431 2105; x_wconf 93' lang='lat'><em>‚</em></span> <span class='ocrx_word' id='word_1_197' title='bbox 1458 2056 1636 2098; x_wconf 87' lang='lat' dir='ltr'>Gothica</span> 
     </span>
     <span class='ocr_line' id='line_1_28' title="bbox 278 2126 1639 2184; baseline 0.001 -17"><span class='ocrx_word' id='word_1_198' title='bbox 278 2126 529 2184; x_wconf 85' lang='lat' dir='ltr'>profanatus</span> <span class='ocrx_word' id='word_1_199' title='bbox 553 2127 796 2183; x_wconf 87' lang='lat' dir='ltr'>impietate,</span> <span class='ocrx_word' id='word_1_200' title='bbox 820 2142 939 2168; x_wconf 88' lang='lat' dir='ltr'>more</span> <span class='ocrx_word' id='word_1_201' title='bbox 961 2128 1134 2169; x_wconf 87' lang='lat' dir='ltr'>indutus</span> <span class='ocrx_word' id='word_1_202' title='bbox 1158 2128 1402 2184; x_wconf 82' lang='lat' dir='ltr'>gentilium,</span> <span class='ocrx_word' id='word_1_203' title='bbox 1440 2141 1564 2168; x_wconf 88' lang='lat' dir='ltr'>ausus</span> <span class='ocrx_word' id='word_1_204' title='bbox 1587 2127 1639 2168; x_wconf 82' lang='lat' dir='ltr'>sit</span> 
     </span>
     <span class='ocr_line' id='line_1_29' title="bbox 279 2197 1637 2254; baseline 0 -15"><span class='ocrx_word' id='word_1_205' title='bbox 279 2198 320 2239; x_wconf 89' lang='lat' dir='ltr'>iu</span> <span class='ocrx_word' id='word_1_206' title='bbox 343 2206 574 2254; x_wconf 78' lang='lat' dir='ltr'>conspectu</span> <span class='ocrx_word' id='word_1_207' title='bbox 595 2199 828 2240; x_wconf 81' lang='lat' dir='ltr'>excercitus</span> <span class='ocrx_word' id='word_1_208' title='bbox 853 2198 1021 2254; x_wconf 85' lang='lat' dir='ltr'>prodire</span> <span class='ocrx_word' id='word_1_209' title='bbox 1043 2198 1224 2240; x_wconf 82' lang='lat' dir='ltr'>Romani</span> <span class='ocrx_word' id='word_1_210' title='bbox 1246 2214 1254 2239; x_wconf 92' lang='lat'>:</span> <span class='ocrx_word' id='word_1_211' title='bbox 1282 2199 1396 2254; x_wconf 84' lang='lat' dir='ltr'>quod</span> <span class='ocrx_word' id='word_1_212' title='bbox 1408 2197 1496 2239; x_wconf 88' lang='lat' dir='ltr'>sine</span> <span class='ocrx_word' id='word_1_213' title='bbox 1509 2197 1637 2239; x_wconf 88' lang='lat' dir='ltr'>dubio</span> 
     </span>
     <span class='ocr_line' id='line_1_30' title="bbox 282 2268 1638 2325; baseline 0.001 -17"><span class='ocrx_word' id='word_1_214' title='bbox 282 2283 367 2309; x_wconf 87' lang='lat' dir='ltr'>non</span> <span class='ocrx_word' id='word_1_215' title='bbox 390 2269 528 2309; x_wconf 84' lang='lat' dir='ltr'>solum</span> <span class='ocrx_word' id='word_1_216' title='bbox 548 2269 590 2309; x_wconf 90' lang='lat' dir='ltr'>in</span> <span class='ocrx_word' id='word_1_217' title='bbox 605 2270 823 2310; x_wconf 82' lang='lat' dir='ltr'>sacerdote</span> <span class='ocrx_word' id='word_1_218' title='bbox 845 2269 1130 2325; x_wconf 78' lang='lat' dir='ltr'>sacrilegium,</span> <span class='ocrx_word' id='word_1_219' title='bbox 1149 2269 1220 2310; x_wconf 87' lang='lat' dir='ltr'>sed</span> <span class='ocrx_word' id='word_1_220' title='bbox 1234 2268 1358 2310; x_wconf 87' lang='lat' dir='ltr'>etiam</span> <span class='ocrx_word' id='word_1_221' title='bbox 1371 2268 1411 2308; x_wconf 85' lang='lat' dir='ltr'>in</span> <span class='ocrx_word' id='word_1_222' title='bbox 1434 2282 1638 2323; x_wconf 87' lang='lat' dir='ltr'>quocum-</span> 
     </span>
     <span class='ocr_line' id='line_1_31' title="bbox 283 2337 1640 2396; baseline 0 -17"><span class='ocrx_word' id='word_1_223' title='bbox 283 2355 365 2396; x_wconf 85' lang='lat' dir='ltr'>que</span> <span class='ocrx_word' id='word_1_224' title='bbox 388 2340 626 2381; x_wconf 88' lang='lat' dir='ltr'>Christiano</span> <span class='ocrx_word' id='word_1_225' title='bbox 646 2349 722 2388; x_wconf 86' lang='lat' dir='ltr'>est3</span> <span class='ocrx_word' id='word_1_226' title='bbox 749 2340 904 2382; x_wconf 86' lang='lat' dir='ltr'>etenim</span> <span class='ocrx_word' id='word_1_227' title='bbox 920 2340 1166 2382; x_wconf 83' lang='lat' dir='ltr'>&#39;ahhorreta</span> <span class='ocrx_word' id='word_1_228' title='bbox 1189 2354 1306 2382; x_wconf 88' lang='lat' dir='ltr'>more</span> <span class='ocrx_word' id='word_1_229' title='bbox 1322 2339 1526 2382; x_wconf 88' lang='lat' dir='ltr'>Romano.</span> <span class='ocrx_word' id='word_1_230' title='bbox 1553 2337 1640 2381; x_wconf 82' lang='lat' dir='ltr'>Nisi</span> 
     </span>
     <span class='ocr_line' id='line_1_32' title="bbox 283 2408 1578 2466; baseline -0.001 -16"><span class='ocrx_word' id='word_1_231' title='bbox 283 2410 392 2451; x_wconf 80' lang='lat' dir='ltr'>forte</span> <span class='ocrx_word' id='word_1_232' title='bbox 408 2411 466 2451; x_wconf 85' lang='lat' dir='ltr'>sic</span> <span class='ocrx_word' id='word_1_233' title='bbox 486 2412 623 2452; x_wconf 85' lang='lat' dir='ltr'>solent</span> <span class='ocrx_word' id='word_1_234' title='bbox 640 2411 870 2452; x_wconf 82' lang='lat' dir='ltr'>idololatrae</span> <span class='ocrx_word' id='word_1_235' title='bbox 884 2411 1125 2452; x_wconf 79' lang='lat' dir='ltr'>sacerdotes</span> <span class='ocrx_word' id='word_1_236' title='bbox 1139 2410 1306 2466; x_wconf 86' lang='lat' dir='ltr'>prodire</span> <span class='ocrx_word' id='word_1_237' title='bbox 1324 2408 1578 2450; x_wconf 87' lang='lat' dir='ltr'>Gothorum.</span> 
     </span>
    </p>

    <p class='ocr_par' dir='ltr' id='par_1_6' title="bbox 282 2477 1640 2606">
     <span class='ocr_line' id='line_1_33' title="bbox 346 2477 1640 2536; baseline -0.004 -14"><span class='ocrx_word' id='word_1_238' title='bbox 346 2480 402 2522; x_wconf 81' lang='lat' dir='ltr'>X.</span> <span class='ocrx_word' id='word_1_239' title='bbox 439 2480 603 2522; x_wconf 79' lang='lat' dir='ltr'>Movent</span> <span class='ocrx_word' id='word_1_240' title='bbox 624 2480 827 2536; x_wconf 82' lang='lat' dir='ltr'>pietatem</span> <span class='ocrx_word' id='word_1_241' title='bbox 851 2488 1033 2521; x_wconf 80' lang='lat' dir='ltr'>vestram</span> <span class='ocrx_word' id='word_1_242' title='bbox 1055 2481 1314 2521; x_wconf 86' lang='lat' dir='ltr'>sacerdotale</span> <span class='ocrx_word' id='word_1_243' title='bbox 1333 2492 1508 2526; x_wconf 84' lang='lat' dir='ltr'>nomen,</span> <span class='ocrx_word' id='word_1_244' title='bbox 1526 2477 1640 2533; x_wconf 90' lang='lat' dir='ltr'>quod</span> 
     </span>
     <span class='ocr_line' id='line_1_34' title="bbox 282 2547 1639 2606; baseline -0.001 -16"><span class='ocrx_word' id='word_1_245' title='bbox 282 2549 351 2590; x_wconf 89' lang='lat' dir='ltr'>ille</span> <span class='ocrx_word' id='word_1_246' title='bbox 374 2549 600 2606; x_wconf 81' lang='lat' dir='ltr'>sacrilegus</span> <span class='ocrx_word' id='word_1_247' title='bbox 622 2549 797 2593; x_wconf 84' lang='lat' dir='ltr'>infamat</span> <span class='ocrx_word' id='word_1_248' title='bbox 813 2565 820 2590; x_wconf 88' lang='lat'><strong>:</strong></span> <span class='ocrx_word' id='word_1_249' title='bbox 836 2549 906 2606; x_wconf 80' lang='lat' dir='ltr'>qui</span> <span class='ocrx_word' id='word_1_250' title='bbox 930 2549 1055 2592; x_wconf 85' lang='lat' dir='ltr'>etiam</span> <span class='ocrx_word' id='word_1_251' title='bbox 1091 2564 1266 2591; x_wconf 82' lang='lat' dir='ltr'>suorum</span> <span class='ocrx_word' id='word_1_252' title='bbox 1291 2548 1486 2596; x_wconf 87' lang='lat' dir='ltr'>vocibus,</span> <span class='ocrx_word' id='word_1_253' title='bbox 1512 2547 1545 2588; x_wconf 85' lang='lat' dir='ltr'>si</span> <span class='ocrx_word' id='word_1_254' title='bbox 1569 2547 1639 2602; x_wconf 90' lang='lat' dir='ltr'>qui</span> 
     </span>
    </p>
   </div>
  </div>
 </body>
</html>
