1774 3158
321 194 372 235 32
879 202 908 229 s.
950 202 1139 230 Aiinaosu

379 279 590 325 LXXVII.
626 279 752 321 Deest
784 279 910 336 igitur
946 278 1189 321 consolandi
1222 277 1282 320 via
1303 311 1312 325 ,
1343 276 1440 334 quia
1484 275 1669 334 suppetit

323 351 547 395 excusandi
575 349 718 406 gratia.
741 348 887 406 Neque
910 349 1020 390 enim
1046 349 1175 405 possis
1195 347 1419 405 prohibere
1437 379 1446 394 ,
1471 346 1583 403 quod
1601 347 1671 387 (lo-

325 436 440 468 ceas;
471 420 702 476 praesertim
737 434 832 460 cum
865 419 1075 474 religionis
1111 427 1267 459 astruat
1303 417 1540 474 lacrymas,
1589 431 1672 458 non

327 490 503 538 doloris;
524 496 565 530 et
588 489 823 530 communis
853 488 1002 529 scriem
1032 485 1331 544 deplorationis
1357 496 1471 529 motu
1502 485 1673 544 pudoris

328 562 508 603 obtexat.
539 560 765 601 Consolarc
789 574 888 615 ergo
913 558 983 614 qui
1017 567 1135 614 potes
1168 558 1281 599 adire
1309 558 1491 599 animum
1515 590 1524 605 ,
1548 571 1675 613 pene-

328 641 438 674 trare
459 639 658 672 mentem.
681 629 836 670 Cernat
854 636 893 669 te
917 643 1005 669 esse
1023 636 1269 684 praesentcm
1287 660 1296 678 ‚
1313 628 1463 670 sentiat
1484 642 1567 668 nou
1589 641 1678 668 esse

331 700 576 743 defunctum
592 716 603 748 3
624 707 667 742 ut
686 698 806 755 cujus
821 700 967 739 secura
987 699 1036 739 de
1054 698 1203 739 merito
1218 731 1228 747 ,
1249 698 1338 754 ejus
1356 698 1497 740 functa
1514 697 1674 746 solatio,

333 772 465 814 discat
488 786 564 827 pro
585 785 633 811 co
658 784 741 810 non
764 768 943 825 graviter
969 769 1131 817 dolere,
1160 768 1229 824 qui
1251 784 1293 810 se
1316 768 1580 810 admonuerit
1597 781 1680 808 non

334 856 427 883 esse
450 841 692 881 dolendum.
1086 896 1089 897 ⁷

390 909 620 953 LXXVIII.
661 909 743 951 Sed
766 909 867 966 quid
888 925 963 967 ego
988 917 1027 951 tc
1050 924 1203 958 morer,
1218 909 1379 951 frater?
1401 909 1502 965 quid
1531 922 1683 966 cxpec-

334 990 417 1024 tem
432 1014 441 1028 ‚
462 988 507 1021 ut
526 988 672 1032 nostra-
687 987 826 1021 tecum
847 979 1148 1021 commoriatur
1163 1011 1172 1027 ,
1193 987 1233 1021 et
1247 979 1362 1035 quasi
1381 979 1687 1036 consepeliatur

337 1050 469 1092 oratio
489 1049 506 1090 P
529 1048 646 1091 Licet
670 1049 754 1105 ipsa
778 1049 939 1105 species
967 1057 1006 1090 et
1030 1049 1231 1090 exanimis
1260 1049 1447 1105 corporis
1468 1049 1601 1090 forma
1626 1063 1688 1089 so-

335 1122 461 1167 letur,
486 1120 716 1174 oculosque
748 1133 922 1159 manens
946 1119 1076 1175 gratia
1104 1127 1145 1160 et
1182 1134 1431 1175 permanens
1460 1118 1589 1175 figura
1622 1119 1690 1160 de-

335 1190 543 1236 mulceat3
566 1189 669 1229 nibil
683 1221 693 1237 ,
712 1188 897 1245 inquam,
914 1203 1072 1235 moror,
1095 1189 1375 1244 procedamus
1394 1190 1443 1229 ad
1461 1190 1683 1230 tumulum.

336 1261 419 1302 Sed
442 1259 552 1316 prius
576 1259 772 1300 ultimum
796 1274 938 1299 coram
963 1258 1117 1314 populo
1142 1259 1231 1299 vale
1261 1259 1354 1299 dico
1372 1290 1381 1306 ‚
1416 1273 1562 1314 pacem
1588 1273 1689 1315 pra:-

338 1331 430 1372 dico
447 1361 457 1377 ,
481 1330 672 1370 osculum
695 1329 810 1370 solvo
841 1329 877 1381 (1
896 1329 943 1383 1),
978 1328 1175 1370 Praeccde
1205 1330 1255 1370 ad
1278 1328 1389 1369 illam
1418 1343 1691 1370 communem

338 1401 532 1443 omnibus
551 1409 591 1441 et
616 1399 801 1441 debitam
824 1431 834 1449 ,
854 1401 926 1441 sed
948 1399 1031 1455 jam
1050 1399 1152 1440 mibi
1177 1415 1261 1456 prat
1290 1399 1451 1441 caeteris
1480 1400 1691 1441 desidera-

338 1473 467 1516 bilem
485 1473 669 1513 donmm.
685 1471 785 1513 Para
800 1471 952 1528 hospiti
973 1470 1230 1512 consortium
1249 1487 1259 1518 3
1280 1479 1321 1512 et
1335 1471 1692 1527 quomadmodum

338 1544 407 1586 hic
434 1542 572 1585 omnia
592 1542 710 1600 nobis
734 1541 848 1583 fuere
870 1538 1111 1582 communia
1131 1574 1140 1588 ,
1167 1541 1220 1582 ita
1246 1540 1330 1583 illic
1353 1556 1521 1598 quoque
1548 1541 1613 1597 jus
1637 1541 1694 1582 di-

338 1613 512 1654 viduum
532 1611 783 1653 nesciamus.

397 1681 592 1724 LXXIX.
630 1680 690 1723 No
712 1715 721 1729 ,
749 1696 913 1737 quaeso,
941 1681 1179 1737 cupientem
1207 1679 1264 1722 tui
1289 1681 1359 1722 diu
1384 1680 1548 1722 disseras
1566 1717 1577 1731 ,
1601 1695 1696 1737 pro·

340 1760 556 1809 porantcm
580 1758 753 1806 expecta
770 1783 780 1798 ,
806 1750 1070 1792 festinantem
1092 1750 1242 1805 adjuva
1263 1782 1273 1798 ,
1305 1758 1345 1791 et
1378 1750 1408 1791 si
1433 1749 1587 1791 diutius
1610 1764 1696 1791 mo-

343 1821 423 1863 rari
449 1820 522 1863 tibi
546 1820 719 1862 videbor
736 1853 745 1869 ,
773 1835 952 1862 accerse.
989 1820 1131 1876 Neque
1155 1820 1264 1861 enim
1292 1836 1473 1876 unquam
1498 1820 1696 1877 prolixius

345 1891 555 1933 abfuimus
579 1891 738 1931 anobis
756 1923 764 1938 ‚
794 1900 835 1932 tu
859 1899 998 1932 tamen
1022 1891 1184 1932 solebas
1217 1891 1408 1932 revisere.
1446 1891 1566 1932 Nunc
1591 1905 1698 1946 quo-

342 1962 453 2004 niam
478 1971 522 2004 tu
550 1961 687 2003 redire
708 1961 792 2018 jam
816 1976 899 2002 non
924 1970 1064 2018 potes,
1086 1977 1160 2003 nos
1186 1963 1236 2003 ad
1260 1972 1299 2004 tc
1323 1962 1504 2011 ibimus:
1530 1977 1697 2017 aequum

345 2042 406 2074 cst
428 2041 475 2073 ut
500 2030 686 2073 ossicium
710 2033 1008 2088 rependamus,
1041 2033 1266 2074 subeamus
1291 2033 1437 2074 vicem.
1473 2032 1696 2088 Nunquam

343 2102 464 2144 nobis
488 2101 563 2142 suit
587 2102 679 2142 vitae
702 2101 889 2145 conditio
910 2101 1131 2144 discretior
1157 2118 1164 2144 :
1191 2118 1356 2160 semper
1373 2103 1610 2144 autsauitas
1629 2110 1698 2143 aut

344 2172 547 2229 aegritudo
579 2171 846 2218 communis;
882 2180 926 2213 ut
959 2187 1056 2213 cum
1090 2173 1192 2214 alter
1222 2183 1494 2230 aegresceret,
1531 2174 1634 2214 alter
1657 2172 1698 2214 in

345 2242 543 2284 morbum
566 2241 828 2289 incurreret;
859 2250 900 2283 ct
939 2256 1035 2282 cum
1061 2243 1163 2283 alter
1186 2245 1486 2291 rcvalesccrct,
1523 2251 1697 2298 uterque

347 2320 632 2367 consurgeret.
664 2312 887 2362 Quomodo
919 2311 986 2368 jus
1011 2320 1199 2353 nostrum
1235 2312 1476 2354 amisimus?
1506 2314 1556 2354 Et
1588 2328 1698 2354 nunc

348 2382 606 2423 consortium
628 2382 886 2439 aegritudinis
904 2382 981 2423 suit
997 2414 1008 2431 ,
1033 2384 1246 2438 quomodo
1268 2385 1413 2426 mortis
1441 2384 1698 2426 consortium

347 2466 430 2494 non
453 2450 530 2492 suit
551 2451 567 2491 20

402 2519 579 2565 LXXX.
615 2521 706 2563 Tibi
733 2536 868 2573 nunc,
904 2522 1168 2581 omnipotens
1192 2523 1326 2573 Deus,
1353 2523 1561 2566 innoxiam
1588 2537 1699 2567 com-
