1774 3158
308 265 384 305 152
858 279 888 304 s.
929 278 1119 305 Atianosu

313 355 555 397 »nistrare¹.
581 374 595 393 ›>
618 356 667 397 Et
705 355 824 398 facile
854 357 924 412 qui
957 355 1185 412 majestatis
1213 356 1460 399 celsitudine
1488 373 1649 414 seques·

306 435 410 467 trata
433 426 608 466 sormam
641 427 848 467 servitutis
873 428 1029 482 accepit
1046 460 1054 473 ‚
1083 427 1249 467 dicente
1279 428 1508 483 Apostolot
1534 447 1548 467 a
1567 429 1650 480 Qui

309 514 323 533 »
339 510 435 535 cum
460 495 500 535 in
519 496 651 536 forma
673 497 748 538 Dei
771 506 894 545 esset,
917 512 1001 538 non
1028 497 1216 552 rapinam
1238 497 1461 538 arbitratus
1485 507 1653 540 estesse

305 580 381 606 »se
408 568 609 622 aequalem
646 567 759 614 Deo,
796 569 867 607 sed
909 567 1182 623 semetipsum
1215 567 1442 609 exinanivit
1474 568 1652 610 sormam

306 655 321 675 ι)
337 637 442 677 servi
468 636 718 693 accipiens².
743 655 758 675 »
777 637 829 678 Et
847 637 949 678 illud
970 652 978 677 ε
1005 655 1019 674 «
1036 637 1126 679 Non
1150 637 1286 679 omnis
1306 639 1375 694 qui
1393 638 1497 679 mihi
1519 638 1651 680 dicit:

305 705 537 759 »Domine,
570 706 777 754 Domine,
814 706 988 747 intrabit
1025 706 1065 747 in
1107 721 1282 762 regnum
1322 707 1551 756 coelorum,
1584 710 1656 750 sed

304 775 405 830 »qui
430 774 527 815 facit
553 776 811 815 voluntatem
834 775 966 816 Patris
984 775 1092 822 mei,
1119 776 1188 830 qui
1212 776 1251 816 in
1277 777 1392 817 coelis
1416 775 1519 818 est³.
1543 794 1557 814 n

364 844 433 884 lv.
471 844 552 885 Sed
577 860 661 885 non
681 845 796 900 prius
819 844 1077 885 voluntatem
1102 844 1237 885 Patris
1258 844 1396 885 facere
1417 860 1653 901 possumus,

307 914 384 954 nisi
404 929 494 969 quae
518 914 572 955 sit
595 915 682 970 ipsa
709 916 897 955 voluntas
916 948 925 962 ,
953 923 1047 955 ante
1070 929 1306 956 noscamus,
1336 914 1538 956 Voluntas
1560 930 1660 972 ergo

309 984 384 1024 Dei
409 992 492 1031 est,
517 993 689 1024 auctore
714 986 901 1038 apostolo
925 985 1053 1024 Paulo
1070 1001 1084 1021 a
1106 983 1393 1025 Sanctificatio
1416 993 1557 1025 nostra
1573 985 1612 1032 ⁶3
1635 1003 1650 1023 »

309 1068 411 1108 quos
447 1055 496 1093 ab
524 1053 636 1093 omni
671 1053 776 1093 facie
808 1053 1072 1108 contagionis
1090 1053 1268 1108 antiquae
1288 1069 1363 1109 per
1386 1053 1664 1110 regeneratio-

308 1136 406 1162 nem
445 1122 634 1162 salutaris
668 1122 823 1162 lavacri
858 1122 935 1161 hac
974 1130 1114 1162 nostra
1147 1122 1405 1178 professione
1445 1122 1661 1178 purgavit,

311 1206 390 1246 qna
423 1191 463 1231 in
497 1191 633 1231 carnis
670 1189 914 1231 infirmitate
946 1191 1106 1232 venisse
1141 1191 1353 1231 credimus
1386 1192 1544 1241 Deum,
1583 1206 1662 1247 qua

313 1269 457 1300 uatum
485 1275 536 1301 ex
559 1259 726 1315 Virgine
755 1259 1027 1306 confitemur,
1061 1275 1141 1315 qua
1178 1276 1261 1301 non
1294 1276 1494 1317 negamus
1524 1261 1666 1302 condi-

311 1329 414 1370 tioni
446 1329 572 1371 fuisse
595 1330 836 1385 subjectum
852 1363 862 1377 ,
889 1345 970 1386 qua
996 1329 1210 1371 Christum
1235 1329 1484 1371 crucifixum
1508 1331 1668 1372 extolli-

312 1413 407 1440 mus
428 1430 438 1446 ,
474 1399 752 1455 praedicamus
798 1402 1030 1455 sepultum,
1066 1407 1107 1440 et
1134 1400 1209 1441 Dei
1241 1401 1370 1456 gloria
1401 1400 1660 1441 suscitatum.

315 1470 434 1510 [nde
452 1484 547 1510 cum
572 1477 734 1510 tantum
758 1469 878 1510 nobis
902 1471 986 1509 sola
1010 1483 1061 1511 ex
1086 1469 1344 1525 professione
1368 1470 1458 1524 ejus
1482 1469 1666 1511 sanctifi-

316 1540 492 1582 cationis
523 1539 737 1581 videamus
759 1555 847 1580 esse
872 1541 1095 1587 collatum;
1129 1555 1180 1580 ex
1201 1539 1281 1581 hoc
1310 1540 1552 1596 intelligere>
1572 1555 1669 1597 pos-

317 1626 477 1661 sumus,
498 1619 703 1667 quantum
723 1626 772 1651 ex
789 1611 879 1667 ejus
904 1611 1137 1651 imitatione
1161 1610 1474 1666 voluntatisque
1490 1620 1669 1667 peracta}

314 1678 378 1720 vel
402 1681 578 1736 cognitae
604 1680 786 1721 conferri
809 1680 964 1737 poterit
985 1679 1255 1736 p1·aemiorum
1277 1694 1286 1720 ε
1319 1681 1370 1720 de
1397 1695 1477 1735 qua
1511 1694 1586 1721 nos
1611 1680 1669 1720 sic

318 1751 443 1790 docet
465 1750 718 1806 Apostolus:
745 1767 758 1787 a
778 1751 829 1790 [t
858 1749 996 1803 sciatis
1019 1763 1110 1804 quae
1135 1758 1196 1789 est
1219 1750 1412 1790 voluntas
1433 1748 1530 1796 Dei,
1558 1751 1672 1804 quod

316 1821 531 1867 »bonum,
564 1829 605 1861 et
637 1821 750 1876 quod
786 1820 1010 1876 placitum,
1046 1827 1086 1860 et
1117 1819 1397 1876 persectum⁵.
1427 1838 1442 1858 »
1470 1819 1671 1861 Voluntas

314 1890 392 1932 Dei
422 1899 484 1931 est
502 1890 670 1931 dilectio
694 1890 890 1946 proximi,
921 1889 1064 1933 frater.
1087 1899 1132 1931 ut
1149 1892 1415 1946 congaudeas
1432 1889 1573 1931 fratri⁶
1590 1923 1600 1938 ,
1629 1899 1674 1931 ut

315 1977 399 2003 non
422 1963 605 2004 invideas
625 1962 818 2009 meliori,
841 1961 1082 2002 inferiorem
1106 1971 1152 2002 ut
1175 1962 1369 2018 praeseras
1392 1962 1489 2008 tibi,
1515 1971 1560 2002 ut
1589 1977 1672 2002 non

322 2033 515 2074 admittas
537 2033 739 2074 offensam
757 2065 766 2083 ‚
791 2042 837 2074 ut
855 2034 1043 2074 remittas
1061 2033 1305 2080 admissam,
1328 2042 1374 2074 ut
1393 2032 1672 2075 honorificen-

319 2105 375 2146 tia
400 2105 610 2160 praecedas
629 2104 884 2145 honorantes
899 2136 908 2152 ,
930 2113 976 2146 ut
999 2105 1154 2145 dilectu
1174 2105 1410 2146 antevenias
1435 2106 1667 2161 diligenteS‚

322 2184 368 2216 ut
386 2191 460 2231 pro
484 2174 664 2215 inimicis
691 2189 806 2221 ores,
831 2184 877 2217 ut
902 2175 1016 2216 cibes
1042 2175 1298 2216 adversarios
1318 2208 1327 2223 ,
1354 2184 1400 2216 ut
1429 2189 1511 2216 non
1536 2175 1673 2216 oderis

321 2254 635 2303 persequentes.
671 2245 740 2286 Sic
768 2254 807 2285 et
836 2246 970 2286 (fffmis
1000 2246 1130 2286 virtus
1162 2247 1289 2287 decus
1323 2244 1518 2292 efficitur,
1554 2261 1674 2286 orna—

323 2324 512 2358 mentum
528 2349 537 2363 ,
581 2315 684 2356 fides
702 2348 711 2363 ‚
758 2316 958 2371 perfectio
974 2348 983 2363 ‚
1027 2316 1311 2357 misericordia
1332 2349 1342 2364 ,
1389 2315 1638 2371 martyrium
1662 2347 1672 2364 ‚

324 2389 505 2430 flammis
556 2403 706 2444 corpus
751 2396 973 2435 exustum3
1012 2388 1069 2430 sic
1103 2387 1175 2428 filii
1210 2388 1285 2429 Dei
1313 2387 1539 2434 efficimmu*
1579 2398 1678 2427 cum'

323 2459 434 2500 Patri
455 2459 613 2500 coelesti
628 2460 824 2515 operibus
840 2458 1089 2500 similamus⁷
1109 2475 1120 2506 3
1145 2459 1203 2500 sic
1226 2458 1392 2499 Christo
1410 2452 1674 2499 haereditario

370 2569 377 2583 ¹
400 2560 514 2591 Manli.
537 2572 586 2595 xx.
605 2561 655 2591 28.
680 2580 718 2585 --
737 2571 748 2584 ³
771 2562 887 2603 Philip.
911 2574 944 2597 ιι,
961 2563 993 2600 6,
1012 2574 1040 2603 7.
1063 2580 1100 2585 -
1124 2564 1137 2584 3
1157 2562 1277 2594 Muuh.
1293 2573 1352 2599 vn,
1373 2572 1468 2592 21.—
1494 2563 1508 2587 ⁴
1531 2572 1540 2592 ι
1562 2561 1673 2594 Thess.

324 2626 365 2649 ιν,
385 2615 402 2643 5
436 2633 475 2638 —-
495 2617 506 2637 ⁵
528 2615 622 2650 Rom.
643 2627 701 2654 xn,
726 2626 752 2646 2.
770 2634 809 2640 --
828 2617 841 2637 <⁵
862 2615 995 2656 11›id.9,
1019 2621 1049 2648 et
1065 2626 1153 2658 seqq.
1169 2633 1206 2640 -
1228 2622 1239 2644 7
1260 2614 1310 2646 Id.
1335 2625 1404 2651 vni,
1426 2614 1475 2649 16,
1496 2625 1543 2655 ¹7·
