1774 3158
294 245 374 293 348
834 261 864 288 s.
907 260 1100 288 Axinnosu

291 335 496 379 Christus.
525 337 639 388 Quid
657 338 687 380 si
721 347 762 380 et
788 339 887 381 huit:
921 341 1085 381 servulo
1106 338 1209 381 dicit
1231 352 1270 380 z«
1294 339 1418 381 Illum
1444 342 1539 382 volo
1563 355 1648 383 ma-

287 424 304 445 »
319 420 433 454 nere,
456 415 498 448 tu
519 416 657 449 autem
683 425 749 451 me
771 410 975 467 sequere¹
997 427 1007 457 3
1029 430 1043 447 υ
1071 419 1112 452 et
1137 412 1189 452 de
1211 410 1287 452 hac
1311 411 1460 452 arbore
1481 419 1648 467 gustare

294 477 384 517 vult
405 475 591 519 fructum
612 479 630 519 Ξ)
649 479 753 522 Nam
776 481 809 523 si
838 481 946 523 illius
970 481 1089 522 cibus
1110 488 1222 531 erat,
1247 489 1294 521 ut
1321 480 1476 522 faceret
1505 481 1650 523 volun-

213 560 236 573 s,
291 554 418 589 tatem
440 548 570 591 Patris
588 549 601 570 ²
623 565 632 592 :
659 550 803 593 itidem
826 552 945 594 cibus
969 552 1077 594 illius
1102 559 1181 600 est,
1202 560 1248 593 ut
1271 552 1424 593 nostris
1446 552 1650 609 passioni-

293 617 372 659 bus
396 620 602 676 epuletur.
632 621 796 672 Nonne,
824 632 870 665 ut
894 624 945 665 de
963 623 1050 680 ipso
1067 622 1250 665 Domino
1271 637 1486 665 sumamus
1504 638 1650 665 exem·

289 689 406 745 plum
424 697 440 739 ,’
467 691 636 747 quando
665 693 817 741 voluit,
858 708 1002 750 passus
1033 701 1096 735 est
1123 707 1131 734 :
1163 701 1204 735 et
1237 707 1333 735 cum
1370 701 1646 750 quaeremtur,

292 758 487 801 inventus
509 761 602 803 est?
629 765 798 819 quando
821 773 959 806 autem
983 763 1084 806 hora
1109 778 1193 805 non
1218 772 1389 805 venerat
1418 763 1645 820 passionis,

291 844 366 887 per
406 831 594 874 medium
637 835 915 890 quaerentium
956 835 1159 877 transibat
1176 833 1209 883 ⁸,
1249 843 1291 877 et
1326 834 1515 877 videntes
1550 848 1650 876 eum

291 908 435 942 tenere
457 915 539 943 non
560 912 758 960 poterant
774 905 791 946 Ρ
809 905 934 956 Quod
950 904 1094 962 utique
1115 904 1331 947 evidenter
1352 904 1535 947 ostendit
1551 904 1648 961 quia

290 972 459 1026 quando
486 972 689 1015 Dominus
709 977 812 1022 vult,
837 976 1137 1032 unusquisque,
1155 976 1367 1018 invenitur
1386 984 1428 1017 et
1448 976 1615 1032 capitur
1635 990 1644 1017 :

290 1042 406 1096 quod
429 1050 568 1083 autem
592 1043 750 1094 differt,
781 1046 942 1087 etiamsi
971 1046 1251 1102 quaerentium
1275 1053 1474 1088 occurrat
1495 1044 1645 1094 oculis,

289 1126 373 1152 non
399 1120 576 1155 tenetur.
1062 1157 1064 1159 .

347 1181 439 1224 XV.
479 1182 587 1240 Ergo
610 1183 697 1241 ipse
719 1201 802 1228 non
826 1187 1015 1243 quotidie
1040 1188 1105 1229 vel
1138 1188 1331 1231 visitandi
1355 1188 1484 1245 gratia
1508 1186 1648 1244 prodi·

290 1252 401 1300 bam,
423 1253 486 1294 vel
508 1255 733 1311 pergebam
757 1258 808 1298 ad
830 1257 1068 1314 Martyres?
1093 1273 1175 1299 non
1199 1258 1355 1315 regiam
1381 1256 1522 1315 palatii
1545 1271 1650 1313 prae-

286 1323 475 1364 texebam
512 1324 630 1379 (128)
664 1327 803 1383 eundo
829 1336 953 1384 atque
986 1329 1242 1371 redeundo?
1269 1330 1320 1370 Et
1352 1337 1495 1370 tamen
1518 1341 1646 1370 nemo

290 1408 357 1434 me
382 1395 542 1444 tenuit,
570 1410 667 1437 cun]
688 1398 940 1444 exturbandi
965 1414 1031 1440 me
1048 1399 1253 1441 haberent
1269 1432 1280 1449 ,
1304 1407 1349 1441 ut
1370 1398 1650 1456 prodiderunt

288 1474 430 1522 postea
449 1498 457 1514 ‚
494 1453 779 1515 voluntateih,
812 1469 999 1511 dicentes
1027 1485 1036 1511 τ
1064 1470 1137 1512 Exi
1171 1472 1223 1512 de
1258 1471 1450 1520 civitate,
1481 1478 1523 1511 et
1544 1470 1648 1512 vade

288 1551 372 1593 quo
400 1536 471 1578 vis.
506 1537 816 1595 Expectabam,
837 1540 970 1582 fateor
987 1573 997 1588 ‚
1023 1555 1224 1598 magnum
1251 1541 1407 1597 aliquid
1425 1572 1436 1588 ,
1462 1548 1532 1582 aut
1559 1540 1648 1597 gla-

289 1608 403 1649 dium
433 1622 508 1665 pro
528 1608 681 1651 Christi
706 1610 874 1652 nomine
893 1643 902 1656 ‚
930 1619 999 1652 aut
1032 1611 1304 1653 incendium:
1331 1619 1371 1653 at
1397 1610 1455 1652 illi
1479 1609 1647 1652 delicias

285 1680 389 1722 mihi
416 1696 490 1737 pro
509 1681 772 1738 passionibus
791 1682 1064 1731 obtulerunt;
1097 1684 1169 1724 sed
1193 1683 1349 1725 athleta
1381 1682 1536 1724 Christi
1562 1696 1646 1724 non

289 1751 458 1792 delicias
475 1784 484 1799 ‚
511 1753 583 1793 sod
602 1752 815 1808 passiones
839 1769 932 1795 suas
952 1753 1090 1810 exigit.
1123 1753 1254 1796 Nemo
1277 1768 1378 1810 ergo
1396 1768 1465 1795 vos
1483 1753 1644 1801 turbet,

287 1821 401 1878 quod
419 1831 490 1863 aut
513 1837 680 1868 carrum
706 1832 1071 1880 praeparaverunt,
1107 1833 1178 1866 aut
1205 1826 1310 1866 dura
1327 1857 1337 1874 ,
1363 1833 1410 1866 ut
1427 1825 1648 1867 videbatur

284 1893 360 1934 sibi
376 1926 385 1940 ‚
413 1893 610 1934 Auxentii
634 1894 761 1950 ipsius
777 1927 786 1942 ‚
806 1895 939 1951 quise
959 1895 1060 1936 dicit
1077 1895 1323 1952 episcopum
1338 1928 1349 1945 ,
1377 1909 1450 1938 ore
1471 1895 1641 1952 jactata.

345 1961 456 2005 XVI.
493 1963 689 2019 Plerique
712 1965 941 2006 narrabant
965 1980 1232 2022 percussores
1262 1966 1499 2022 praemissos
1516 1997 1525 2015 ‚
1556 1979 1648 2022 poe-

286 2048 383 2076 nam
412 2034 559 2075 mortis
582 2049 672 2076 esse
706 2035 923 2077 decretam
950 2049 960 2077 ε
992 2050 1071 2076 nec
1100 2036 1167 2077 illa
1193 2036 1321 2077 timeo
1340 2068 1349 2084 ‚
1384 2044 1426 2077 et
1459 2036 1534 2077 ista
1561 2050 1646 2076 non

286 2105 445 2145 desero.
477 2104 573 2156 Quo
596 2104 709 2145 enim
739 2105 890 2154 abibo,
923 2105 994 2147 ubi
1024 2120 1107 2147 non
1138 2106 1276 2147 omnia
1311 2107 1436 2163 plena
1466 2105 1646 2162 gemitus

283 2176 387 2224 sint,
417 2183 541 2233 atque
570 2177 879 2232 lacrymarum3
909 2178 1077 2233 quando
1111 2192 1186 2234 per
1209 2177 1417 2220 Ecclesias
1442 2177 1647 2234 jubentur

286 2246 383 2303 ejici
408 2246 607 2288 catholici
631 2249 871 2289 sacerdotes
888 2280 899 2297 ‚
920 2248 1163 2290 resistentes
1181 2249 1320 2305 gladio
1342 2248 1483 2300 feriri,
1508 2249 1648 2291 curia·

278 2318 345 2373 les
367 2317 574 2374 proscribi
599 2333 746 2359 omues
790 2317 931 2374 (1295,
967 2318 1044 2359 nisi
1073 2320 1322 2361 mandatum
1353 2317 1647 2376 impleverint?

283 2386 336 2428 Et
358 2387 448 2429 haec
473 2387 659 2445 episcopi
690 2403 819 2429 manu
849 2387 1006 2445 scripta
1022 2421 1032 2436 ,
1070 2398 1111 2430 et
1133 2404 1206 2430 ore
1232 2389 1386 2431 dictata
1403 2421 1414 2440 ,
1438 2388 1510 2444 qui
1535 2403 1578 2431 se
1599 2396 1646 2430 ut

276 2458 478 2515 probaret
503 2458 830 2507 doctissimum,
857 2467 976 2501 vetus
996 2475 1080 2500 non
1100 2459 1238 2501 omisit
1255 2461 1521 2517 exemplum;
1546 2459 1646 2516 legi-

279 2544 374 2571 mus
408 2529 522 2571 enim
548 2529 588 2570 in
620 2529 830 2587 Propheta
861 2530 974 2586 quod
996 2529 1157 2572 -viderit
1179 2530 1330 2573 falcem
1360 2529 1596 2573 volantem*
1631 2546 1640 2571 :

327 2631 335 2644 ¹
359 2621 453 2653 Joan.
470 2633 538 2661 ux,
562 2634 612 2654 22.
630 2641 667 2646 —
688 2632 699 2647 ²
724 2622 773 2653 ld.
791 2632 833 2661 iv,
853 2621 904 2661 54.
930 2640 966 2647 —-
987 2624 999 2646 ³
1017 2622 1067 2654 Id.
1087 2633 1145 2657 vir,
1163 2623 1215 2656 50.
1238 2640 1274 2646 -—-
1298 2620 1472 2661 ⁴Zach.v,
1492 2632 1521 2654 1.
