1774 3158
270 242 353 299 476
772 254 1105 285 ANNOTATman.

268 333 549 376 communiter
565 331 775 375 affirmant
795 333 996 377 historici.
1031 335 1157 386 Quod
1185 349 1282 377 vero
1306 336 1357 378 ad
1380 335 1527 379 mortis
1554 352 1619 394 ge-

272 422 348 447 nus
373 406 498 446 iidem
525 404 633 446 inter
655 419 698 446 se
727 405 994 448 dissentiunt.
1016 405 1217 454 Rufinus,
1244 407 1315 449 lib.
1351 423 1405 455 ιι,
1430 407 1620 455 Histor.‚

272 493 363 533 cap.
393 478 441 517 51
463 509 472 524 ‚
497 485 537 517 et
562 474 845 523 Sozomenus,
872 477 943 518 lib.
985 493 1066 524 vn,
1104 492 1194 533 cap.
1233 492 1282 518 ⁶252
1301 510 1310 525 ,
1345 478 1445 520 edit.
1483 478 1613 519 Vales.

273 547 421 588 litteris
439 547 623 602 produnt
646 546 745 587 alios
768 561 883 594 esse,
918 547 988 602 qui
1017 546 1131 587 hunc
1166 547 1396 603 principem
1423 548 1517 588 dolo
1540 547 1619 589 Ar-

272 616 453 673 bogastis
481 625 676 657 necatum
706 616 914 663 scribant,
941 617 1040 656 alios
1059 616 1127 672 qui
1149 616 1282 672 ipsum
1307 617 1472 674 propria
1495 632 1620 659 manu

271 686 349 727 sibi
373 687 569 741 laqueum
599 686 791 727 nexuisse
822 695 1018 727 asserant.
1046 685 1128 726 Sed
1151 694 1191 726 et
1212 685 1469 742 Augustinus
1495 687 1622 729 etiam

271 757 379 798 libro
400 772 440 803 v,
465 758 515 797 de
535 756 671 797 Civit.
703 756 800 803 Dei,
826 770 915 813 cap.
949 757 1000 797 26
1016 788 1026 803 ,
1048 765 1269 812 utramque
1291 757 1529 813 opinionem
1557 758 1622 798 in·-

278 836 419 869 certus
443 827 598 868 refert:
633 842 811 882 quarum
838 828 1029 869 ultimam
1060 827 1189 869 solam
1224 829 1423 884 proponit
1444 828 1623 887 Prosper

275 899 314 940 in
334 898 560 945 Chronico,
580 906 621 938 et
640 897 720 938 alii.
757 896 1054 938 Verumtamen
1079 898 1128 939 ab
1154 898 1216 945 iis,
1242 899 1312 954 qui
1337 899 1394 940 sic
1418 901 1620 950 sentiunt,

275 969 384 1010 hanc
410 967 654 1009 Orationem
679 982 893 1022 nunquam
920 967 1046 1007 fuisse
1079 969 1229 1009 lectam
1254 967 1520 1009 manifestum
1542 977 1616 1010 est.

272 1037 375 1080 Nam
394 1046 544 1093 praeter
566 1038 666 1084 alia,
702 1037 773 1077 ubi
807 1036 1022 1078 dissidium
1058 1037 1166 1077 iuter
1195 1035 1532 1078 Valentinianum
1560 1046 1623 1078 at-

274 1122 355 1163 que
392 1106 667 1163 Arbogastcm
701 1114 892 1147 exortum
930 1114 1096 1154 narrat,
1132 1107 1183 1147 ita
1226 1121 1313 1148 rem
1347 1107 1538 1163 exponit,
1579 1116 1624 1148 nt

275 1187 416 1232 aperte
449 1177 728 1234 intelligamus
763 1177 1026 1233 imperatoris
1064 1185 1242 1218 mertem
1275 1177 1438 1218 comitis
1475 1176 1623 1219 sceleri

276 1248 588 1289 attribuendam
617 1263 721 1289 esse.
751 1248 802 1288 [t
825 1255 974 1288 caetera
1001 1261 1100 1287 vero
1134 1248 1325 1288 deessent
1352 1256 1622 1303 argumenta,

275 1320 384 1373 quod
408 1317 563 1374 ubique
581 1317 829 1359 Ambrosius
848 1327 990 1359 noster
1012 1319 1063 1359 de
1085 1319 1216 1359 salute
1239 1316 1517 1359 Valentiniani
1540 1324 1626 1357 tan-

275 1389 471 1443 quamde
496 1404 538 1427 re
565 1388 737 1428 omnino
756 1395 869 1429 certa
888 1388 1002 1443 loqui
1025 1403 1107 1429 non
1125 1388 1304 1435 dubitat,
1328 1387 1424 1429 satis
1442 1386 1624 1428 ostendit

273 1472 369 1497 eum
396 1457 627 1513 principem
663 1473 745 1497 non
775 1472 793 1497 a
826 1473 868 1498 se
900 1457 988 1513 ipso
1014 1457 1095 1497 vim
1120 1471 1286 1512 passum
1308 1471 1409 1498 esse.
1435 1457 1538 1497 Inde
1563 1447 1626 1497 esi

274 1527 385 1583 quod
419 1517 498 1568 ison
519 1529 652 1568 solum
674 1528 976 1583 Hieronymus,
1003 1528 1143 1568 Anrel.
1177 1526 1317 1568 Victor
1340 1526 1378 1567 in
1402 1525 1619 1582 Epitoma,

274 1604 315 1637 et
338 1598 457 1637 multi
482 1597 688 1638 Catholici
712 1596 837 1652 hujus
857 1597 1054 1653 principis·
1073 1596 1230 1637 exitum
1259 1596 1479 1651 Arbogasti
1500 1594 1624 1652 perli-

274 1668 350 1708 diae
376 1676 595 1724 acceptum
615 1670 769 1714 serunt,
790 1670 863 1710 sed
884 1668 1007 1709 etiam
1036 1668 1214 1713 Arriani,
1240 1675 1285 1707 nt
1307 1667 1623 1722 PliilostorgiuS,

273 1739 344 1780 lib.
375 1755 433 1786 xi,
458 1755 547 1796 cap.
584 1755 618 1787 1,
646 1749 687 1780 et
712 1740 966 1785 idololatrae,
1001 1748 1044 1779 nt
1076 1739 1272 1781 Zozinius
1291 1772 1300 1787 ,
1326 1739 1397 1780 lib.
1435 1754 1486 1779 lv.
1517 1737 1623 1778 Cum

274 1823 371 1849 vero
397 1809 520 1850 iidem
545 1809 781 1866 significent
800 1810 1005 1851 nefarium
1032 1810 1147 1850 illum
1172 1809 1396 1856 comitem,
1419 1823 1502 1864 quo
1525 1806 1625 1848 invi-

273 1880 382 1920 diam
410 1879 585 1932 hujusce
605 1879 799 1920 facinoris
818 1879 890 1920 abs
908 1895 951 1920 se
970 1880 1228 1925 amoliretur,
1249 1893 1419 1936 operam
1443 1877 1622 1923 dedisse,

272 1957 317 1989 nt
345 1951 523 1990 cadaver
542 1964 645 1990 nexo
672 1950 720 1990 ad
741 1959 886 2006 guttur
908 1950 1037 1991 linteo
1062 1951 1331 2007 reperiretur,
1360 1957 1483 2005 atque
1508 1948 1560 1988 ita
1585 1947 1624 1988 in

270 2021 562 2063 Valentiniano
602 2021 903 2079 desperationis
947 2022 1156 2078 praeberet
1194 2020 1500 2077 suspicionem;
1531 2033 1626 2061 cre-

274 2094 399 2134 dibile
425 2094 698 2134 esteumdem
733 2092 858 2133 etiam
892 2077 1003 2134 haud
1032 2092 1112 2133 alio
1144 2093 1342 2140 consilio,
1375 2100 1423 2134 ut
1451 2089 1623 2132 extincti

274 2179 427 2220 corpus
446 2164 670 2205 referretur
695 2163 733 2203 in
757 2163 934 2210 ltaliam,
951 2163 1111 2203 veniam
1133 2163 1309 2204 dedisse.
1338 2163 1464 2214 Quod
1485 2169 1625 2203 autem

276 2236 325 2276 ad
348 2235 575 2276 inimicitia.»
597 2250 742 2276 causas
770 2235 952 2291 pertinet
969 2265 978 2279 .
1004 2234 1042 2274 in
1066 2235 1252 2275 animum
1280 2234 1400 2275 facile
1425 2232 1545 2274 uobis
1567 2232 1626 2273 in-

276 2306 471 2348 ducimus
489 2305 780 2362 Arbogastem,
801 2319 899 2345 cum
918 2306 1066 2345 duram
1087 2305 1313 2345 admodum
1332 2304 1372 2344 in
1390 2302 1623 2360 principem

276 2392 397 2419 suum
419 2384 632 2417 exerceret
652 2374 933 2430 tyrannidem,
954 2373 1142 2414 futurum
1168 2373 1405 2430 praevidisse
1423 2405 1432 2420 ,
1458 2380 1503 2412 ut
1524 2371 1555 2412 si
1583 2370 1624 2411 in

276 2447 436 2488 Italiam
476 2446 704 2502 imperator
743 2443 982 2500 trajiceret,
1022 2458 1119 2484 eum
1158 2443 1390 2484 amicorum
1431 2456 1510 2498 ope
1531 2471 1540 2487 ‚
1584 2447 1626 2480 et

272 2517 454 2558 maxime
476 2514 704 2558 Theodosii
727 2523 997 2570 acceptarum
1020 2513 1271 2566 injuriarum
1296 2527 1440 2571 pceuas
1472 2509 1626 2566 repeti-

274 2595 414 2629 turum
431 2619 442 2634 ‚
464 2587 577 2643 quod
593 2586 938 2628 antevertendum
959 2585 1046 2642 ipse
1069 2584 1236 2641 putavit.
