1774 3158
521 292 804 321 EPISTOLARUM
837 292 994 321 crassis
1027 295 1052 322 1.
1392 281 1472 321 203

126 373 239 414 nulla
257 386 356 413 cura
370 369 541 428 pudoris
558 403 568 419 ,
595 380 636 412 et
661 371 861 413 castitatis
885 371 1016 428 gratia
1032 405 1042 420 ,
1083 374 1155 414 sed
1193 387 1325 429 poenae
1348 372 1474 413 timor

129 450 202 483 est.
246 441 544 496 Relinquamus
589 441 846 488 vernaculis,
897 441 1050 496 quibus
1090 441 1271 484 formido
1308 450 1371 483 est
1406 443 1475 483 de·

124 509 337 568 prehendi
358 510 661 566 magis,‘quam
695 524 906 567 peccasse.
942 510 1063 552 Absit
1095 526 1114 552 a
1141 511 1300 568 virgine
1332 526 1473 559 sacra,

126 589 171 622 ut
190 579 460 621 obstetricem
485 580 647 621 noverit
673 595 682 620 :
709 588 851 636 partus
873 588 1045 636 putatur
1060 613 1071 628 ‚
1095 589 1136 622 et
1154 581 1384 622 remedium
1405 582 1475 622 do-

125 649 223 691 loris
249 649 446 695 ducitur,
472 664 553 689 non
582 664 757 690 examen
789 649 1311 705 pudoris..Relinquamus
1347 649 1472 689 etiam

126 721 228 767 illis,
253 720 284 760 si
312 734 403 775 quae
425 720 620 775 gravibus
643 719 834 775 appetitae
857 715 1080 760 calumniis
1103 751 1113 767 ,
1133 733 1342 775 oppressae
1366 718 1476 759 testi-

126 790 298 836 moniis,
325 790 590 845 strangulatae
613 789 895 845 argumentis,
926 791 976 830 ad
994 790 1035 830 id
1058 789 1302 846 confugiant
1323 822 1330 835 ‚
1363 797 1408 829 ut
1433 804 1476 829 se

127 859 304 901 offerant
320 859 592 915 inspectioni,
610 874 694 915 quo
713 860 778 899 vel
801 859 989 915 corporis
1013 859 1217 915 probetur
1254 858 1443 898 custodia
1466 874 1476 904 ;

126 929 157 970 si
181 937 319 970 tamen
342 929 599 984 deprehendi
622 937 782 985 potest,
810 929 850 969 in
874 929 1026 984 quibus
1050 937 1168 970 nutat
1187 928 1356 984 pudoris
1380 942 1475 983 gra-

128 999 182 1040 tia
205 1031 212 1043 ‚
237 1007 278 1040 et
295 998 514 1054 disciplina
538 998 802 1054 integritatis.
824 999 929 1039 Male
955 1008 1094 1039 tamen
1123 1013 1165 1039 se
1187 998 1314 1039 habet
1333 1011 1473 1042 causa,

128 1066 198 1107 ubi
218 1067 354 1122 potior
377 1075 440 1107 est
478 1067 637 1114 carnis,
673 1082 797 1122 quam
835 1067 990 1108 mentis
1034 1066 1319 1124 praerogat1va.
1370 1065 1475 1106 Malo

127 1151 293 1176 morum
326 1136 564 1192 signaculo,
601 1151 726 1192 quam
768 1137 955 1193 corporis
984 1138 1166 1178 claustro
1190 1135 1472 1191 virginitatem

128 1204 320 1261 exprimi.

187 1274 278 1316 XV.
318 1275 406 1315 Jam
425 1275 526 1316 iliud
549 1277 816 1331 prfeclarum,
857 1277 970 1331 quod
993 1276 1194 1332 scripsisti
1218 1274 1475 1315 insinuatum

129 1344 203 1385 tibi
226 1360 244 1385 a
268 1345 519 1400 quibusdam
543 1347 659 1401 quod
694 1360 959 1401 nequaquam
982 1345 1054 1386 tibi
1075 1344 1442 1386 communicarent
1463 1374 1473 1389 ‚

129 1415 160 1456 si
179 1428 272 1455 eam
294 1414 381 1455 sine
405 1415 639 1456 visitatione
661 1415 971 1471 suscipiendam
993 1417 1200 1456 crederes
1233 1414 1342 1468 Ergo
1363 1411 1476 1467 judi-

128 1484 250 1525 candi
272 1484 468 1540 accepisti
483 1485 718 1526 fornmlam.
751 1486 906 1536 Quales
926 1485 1008 1532 illi,
1030 1485 1100 1541 qui
1120 1487 1263 1525 volunt
1284 1482 1484 1539 praescrb

129 1555 227 1596 bere
250 1556 538 1596 sacerdotibus
562 1557 664 1611 quid
686 1556 801 1611 sequi
818 1556 1073 1597 debeamus?
1089 1554 1377 1596 Liberavimns
1397 1553 1476 1593 ita-

130 1640 210 1681 que
235 1634 279 1667 te
303 1641 324 1666 a
347 1626 597 1682 cognitionis
637 1627 889 1683 gravissimze
917 1626 1190 1675 necessi-tate,
1217 1640 1268 1665 ne
1308 1637 1477 1664 necesse

130 1695 305 1736 haberes
329 1694 549 1736 formulam
576 1698 813 1737 mandatam
831 1696 993 1752 exequi.
1016 1696 1128 1746 Quid
1147 1695 1265 1736 nobis
1289 1693 1476 1735 futurum

130 1773 215 1812 est,
239 1766 308 1821 qui
331 1780 478 1806 eorum
502 1766 648 1806 studiis
669 1780 750 1806 nen
772 1763 1183 1822 obtemperavimus?

190 1835 303 1877 XVI.
339 1836 419 1877 Sed
450 1845 586 1877 tamen
609 1835 694 1877 scio
732 1836 816 1876 illic
846 1837 1068 1892 plerosque
1091 1849 1180 1875 esse
1208 1834 1277 1889 qui
1303 1833 1478 1875 timeant

140 1904 382 1946 Dominum.
411 1905 513 1946 Nan]
538 1914 576 1945 et
593 1905 661 1945 hic
680 1905 859 1946 vidimus
883 1905 1061 1950 dudum,
1084 1912 1126 1944 et
1146 1902 1229 1943 illic
1254 1917 1343 1943 esse
1360 1917 1476 1942 com-

136 1974 318 2028 perimus
337 2006 350 2021 ,
378 1975 448 2029 qui
477 1975 752 2030 compositam
785 1975 895 2015 hanc
918 1969 1160 2029 quaerantur
1186 1971 1438 2012 calumniam
1465 1985 1474 2010 :

135 2059 239 2099 quos
262 2043 377 2085 aiunt
398 2059 447 2085 eo
473 2044 652 2085 offensos
685 2044 830 2088 favisse
855 2043 1056 2090 Maximo,
1095 2041 1207 2098 quod
1251 2041 1323 2081 ista
1366 2040 1480 2096 virgo

137 2129 218 2154 non
242 2114 472 2155 circumeat
500 2116 645 2155 domos
662 2148 670 2160 ‚
693 2130 770 2155 nec
792 2128 937 2154 rorum
957 2121 1168 2154 matronas
1190 2113 1340 2153 salutet
1360 2119 1482 2166 atque

139 2174 310 2224 ambiat.
338 2183 452 2233 Quid
490 2184 616 2239 igitur
645 2183 717 2224 fiet
736 2216 744 2230 ‚
771 2184 982 2237 quomodo
1020 2191 1137 2223 tanto
1160 2196 1250 2222 eam
1284 2195 1485 2221 exuemus

138 2251 313 2293 crimine
328 2251 345 2292 P
361 2254 572 2307 quomodo
591 2246 936 2310 persuadebimus
957 2261 1003 2293 ut
1035 2253 1171 2292 cultus
1200 2258 1383 2291 assumat
1409 2264 1486 2289 no-

139 2336 209 2362 vos
229 2353 239 2368 ‚
266 2336 360 2362 suos
376 2321 532 2362 exuat?
556 2323 690 2363 Grave
715 2322 916 2378 flagitium
940 2321 1142 2377 virginem
1181 2320 1285 2360 intra
1328 2326 1484 2359 secreta

141 2392 288 2432 domus
311 2392 485 2448 degere,
511 2392 647 2444 claudi
672 2387 957 2448 penetralibus
980 2391 1063 2431 suis
1083 2391 1090 2430 Ξ
1119 2389 1187 2430 Sic
1211 2397 1326 2430 certe
1359 2387 1484 2428 lectio

141 2461 264 2502 docet
291 2461 463 2502 Mariam
502 2461 615 2502 domi
639 2469 873 2517 repertam,
904 2475 1001 2502 cum
1026 2461 1077 2501 ad
1108 2474 1197 2501 eam
1223 2457 1394 2500 Gabriel
1412 2457 1491 2497 Ar-

141 2532 367 2588 ehangelus
381 2531 591 2573 venisset).
610 2531 798 2573 Susanna
817 2531 980 2588 fugiens
995 2530 1215 2572 turbarum
1235 2525 1480 2569 inducitur&

195 2624 297 2655 'Luc
312 2634 335 2660 ι,
355 2622 406 2655 28.
427 2640 461 2647 —
478 2631 490 2645 ⁵
512 2623 594 2655 Dan.
613 2634 684 2659 mn.
707 2625 757 2662 15,
775 2629 806 2656 et
818 2633 912 2666 seqq.
