1774 3158
523 231 806 262 ams'romacu
839 232 996 260 CLASSIS
1032 234 1058 259 1.
1394 222 1473 260 223

130 315 294 358 dicator
313 311 527 369 Evangelii
550 312 633 367 jam
661 325 744 353 non
770 309 972 362 debebat,
999 313 1068 366 qui
1089 311 1180 367 plus
1204 310 1472 367 praedicabat.

127 385 220 428 Non
246 383 427 425 debebat
453 380 585 424 Filius
611 381 713 429 Dei,
736 395 820 422 non
848 380 1028 421 debebat
1048 388 1087 421 ct
1121 380 1267 422 Petrus
1289 381 1330 421 in
1358 381 1482 438 adop-

129 455 282 497 tionem
307 470 327 495 a
351 455 474 495 Patre
491 453 643 495 ascitus
665 467 740 509 per
758 451 932 509 gratiam
955 466 963 492 :
992 452 1092 492 sed«
1111 451 1169 493 Nc
1193 452 1481 493 scandalizen-

127 533 226 568 »tur
242 557 253 573 ,
271 524 429 581 inquit,
459 523 563 565 vade
581 523 633 564 ad
654 537 792 570 mare,
812 529 852 564 et
873 521 993 563 mitte
1012 521 1183 562 hamum
1198 554 1206 568 ‚
1227 534 1384 563 etcum
1404 522 1482 580 pis-

128 615 143 636 »
160 611 271 645 cem,
298 596 370 652 qui
395 595 555 652 primus
580 593 842 641 ascenderit,
877 593 1000 640 tolle;
1035 601 1076 633 et
1101 602 1242 649 aperto
1261 609 1331 634 ore
1356 594 1445 650 ejus
1468 627 1477 642 ‚

128 665 341 708 »invenies
361 665 417 707 ibi
437 672 651 713 staterem,
671 664 788 705 illum
802 678 971 704 sumens
991 663 1040 703 da
1066 663 1111 704 iis
1125 679 1199 719 pro
1218 679 1285 705 me
1309 672 1350 705 ct
1372 664 1467 705 te¹.=›

126 735 163 778 Ο
185 751 334 793 magua
364 734 586 792 mysteria!
618 736 689 776 dat
715 733 938 776 dimidium
970 732 1205 775 didrachmi
1249 736 1361 791 quod
1396 734 1481 776 Lex

126 807 328 864 jubebat,
353 815 394 849 et
414 822 499 848 non
523 814 646 862 negat
671 805 785 862 quod
809 804 930 862 Legis
975 812 1036 846 cst
1053 838 1063 854 ,
1098 805 1214 862 quasi
1257 805 1390 847 factus
1432 821 1486 849 ex

127 877 302 919 muliere
318 910 327 925 ‚
348 875 481 918 sactus
504 876 580 917 sub
603 875 712 933 Lege
727 875 755 916 ².
789 875 965 916 Factum
984 871 1217 916 secundum
1238 875 1486 917 iucarnatio-

128 963 224 990 nem
243 948 409 989 locutus
431 962 522 988 sum
541 980 549 994 ,
589 961 639 988 ex
663 946 838 988 muliere
858 947 1091 988 secundum
1120 962 1264 988 sexum
1297 962 1305 987 ε
1336 947 1486 989 mulier

129 1024 249 1060 sex‘us
272 1025 357 1065 est,
382 1016 498 1074 virgo
522 1016 681 1074 species
704 1031 712 1058 :
739 1031 860 1058 sexus
877 1017 1039 1073 generis
1058 1049 1068 1064 ,
1093 1016 1483 1074 virgoiutegritatiS.

128 1089 176 1131 In
201 1104 283 1146 quo
301 1103 400 1146 ergo
420 1088 532 1130 venit
560 1088 636 1129 sub
653 1087 763 1144 Lege
779 1120 790 1135 ,
816 1087 859 1129 iu
878 1102 929 1129 eo
948 1088 1081 1129 sactus
1113 1096 1175 1129 cst
1207 1103 1257 1129 ex
1279 1088 1454 1130 muliere
1473 1122 1484 1138 ,

131 1159 174 1202 id
199 1167 286 1208 est,
308 1159 350 1200 in
370 1173 561 1216 corpore.
589 1158 640 1199 Et
661 1158 756 1199 ideo
774 1157 1069 1198 didrachmum
1089 1157 1189 1198 solvi
1209 1157 1327 1212 jubet
1349 1173 1423 1215 pro
1447 1174 1489 1201 se

130 1238 171 1273 et
184 1230 308 1272 Petro
326 1263 335 1279 ‚
359 1230 455 1286 quia
478 1237 657 1286 uterque
680 1229 757 1270 sub
782 1228 891 1285 Lege
927 1227 1127 1284 generati.
1158 1227 1286 1269 Juhct
1304 1243 1402 1286 ergo
1426 1245 1491 1271 se-

133 1302 320 1344 cundum
333 1299 487 1358 Legem
501 1300 619 1348 solvi,
637 1308 683 1341 ut
695 1313 764 1340 eos
778 1299 847 1354 qui
863 1298 938 1339 sub
952 1297 1062 1355 Lege
1077 1307 1211 1345 erant,
1225 1299 1487 1341 redimeret&

190 1371 310 1414 XIX.
334 1371 386 1414 Et
414 1380 552 1413 tamen
576 1379 774 1412 staterem
799 1369 885 1410 dari
908 1368 1052 1424 jubet,
1084 1384 1167 1424 quo
1193 1377 1330 1411 vectes
1353 1370 1493 1428 impo-

133 1449 282 1485 nerent
312 1441 373 1482 ori
405 1456 505 1490 suo,
535 1455 587 1482 ne
613 1456 663 1482 ex
694 1438 959 1494 multiloquio
983 1447 1206 1495 peccatum
1231 1440 1487 1485 amitterent.

136 1511 323 1570 Etjubet
341 1510 430 1553 dari
452 1511 492 1552 in
511 1525 584 1552 ore
606 1509 729 1568 piscis
748 1517 985 1566 repertum,
1012 1517 1058 1550 ut
1088 1519 1365 1566 agnoscerent
1395 1511 1498 1554 Ver·

137 1583 253 1624 bum.
283 1581 366 1634 Qui
384 1581 495 1623 enim
517 1581 630 1638 quod
652 1579 772 1637 Legis
799 1588 884 1629 est,
908 1579 1157 1635 exigebant;
1179 1595 1257 1622 cur
1278 1582 1393 1637 quod
1421 1583 1496 1624 Le-

138 1653 197 1710 gis
215 1661 303 1700 est,
322 1651 592 1693 nesciebant?
612 1649 802 1693 Verbum
830 1650 942 1692 enim
960 1650 1036 1691 Dei
1056 1650 1249 1707 ignorare
1267 1667 1350 1694 non
1371 1653 1496 1696 debe-

138 1723 263 1771 bant:
287 1722 382 1779 quia
401 1722 603 1779 scriptum
631 1729 695 1763 est
720 1737 759 1763 z«
778 1721 913 1777 Prope
937 1728 998 1762 est
1021 1719 1208 1763 Verbum
1232 1722 1272 1763 in
1295 1737 1366 1764 ore
1389 1732 1462 1766 tuo
1481 1757 1494 1774 ,

140 1801 211 1835 »et
233 1793 274 1835 in
297 1794 424 1834 corde
448 1800 520 1833 tuo
534 1792 564 1833 ¹⁸.
584 1792 768 1834 »Totum
788 1791 912 1848 igitur
936 1791 1231 1834 didrachmum
1250 1793 1337 1834 Deo
1355 1794 1492 1842 solvit,

141 1863 212 1922 qui
237 1864 388 1905 saeculo
406 1862 512 1904 nihil
530 1862 770 1905 reservavit.
789 1862 877 1904 Deo
896 1862 1008 1904 enim
1026 1862 1182 1918 justitia
1201 1864 1391 1913 solvitur,
1407 1880 1498 1922 quse

143 1943 205 1976 est
228 1933 383 1975 mentis
400 1932 631 1975 sobrietas:
649 1933 736 1975 Deo
756 1932 930 1975 solvitur
952 1933 1154 1974 sermonis
1173 1935 1362 1976 custodia
1378 1968 1388 1984 ‚
1408 1951 1498 1992 quae

144 2013 206 2046 est
224 2004 427 2046 sermonis
451 2003 653 2045 sobrietas
679 2018 689 2045 ε
706 2004 868 2045 «Corde
880 2003 992 2045 enim
1009 2003 1197 2046 creditur
1212 2005 1498 2062 adjustitiam,

145 2092 159 2114 υ
174 2089 246 2116 ore
270 2072 474 2116 confessio
497 2073 544 2114 fit
565 2075 617 2116 ad
641 2073 862 2116 salutem⁵.
885 2092 900 2112 η

202 2145 302 2188 XX.
339 2144 479 2186 Potest
502 2153 642 2186 autem
676 2153 717 2186 et
740 2144 942 2187 drachma
968 2160 1044 2202 pro
1070 2144 1210 2187 Veteri
1232 2146 1501 2190 Testamento

148 2215 305 2273 accipi,
355 2213 650 2256 didrachmum
682 2229 758 2272 pro
800 2215 1019 2271 utriusque
1052 2215 1308 2257 Testamenti
1343 2218 1500 2274 pretio,-

149 2284 244 2342 quia
269 2284 502 2326 secundum
523 2284 678 2342 Legem
705 2285 995 2340 unusquisque
1013 2299 1087 2341 per
1104 2284 1258 2341 Legem
1274 2287 1505 2329 redimeba-

150 2365 219 2399 tur
245 2371 254 2397 z
283 2356 354 2413 qui
384 2363 522 2397 autem
544 2357 778 2398 secundum
800 2355 1074 2413 Evangelium
1095 2356 1340 2407 redimitur,
1383 2359 1506 2400 solvit

152 2425 398 2468 drachmam
426 2427 660 2468 secundum
677 2426 831 2484 Legem
850 2458 860 2475 ‚
887 2426 1088 2483 sanguine
1112 2426 1334 2469 redimitur
1353 2427 1505 2470 Christi

198 2536 207 2551 ¹
230 2528 349 2560 Mauh.
368 2538 449 2568 xvtl,
469 2529 522 2562 αδ.
539 2547 577 2554 -
594 2537 606 2554 ⁸
627 2530 736 2566 Galat.
753 2529 843 2570 ιν,4.
858 2547 897 2554 -
916 2530 928 2552 3
949 2529 1035 2562 lbid.
1056 2531 1085 2564 5.
1107 2548 1147 2555 -
1168 2532 1180 2559 4
1200 2531 1298 2563 Dent.
1319 2540 1389 2568 xxx,
1413 2532 1506 2570 14.—

155 2586 168 2606 ὅ
186 2583 280 2615 Rom.
298 2594 332 2621 x,
355 2594 402 2615 10.
