1774 3158
268 286 353 331 330
437 303 439 306 ⁴
756 286 850 333 ἰ95.
891 304 1084 335 AMssnosn

267 378 417 436 gratias
432 377 521 422 Deo
542 388 708 430 nostro,
725 370 802 438 ¹'qui
820 396 890 425 vos
911 383 966 426 ita
989 383 1172 427 firmavit
1197 383 1280 427 fide
1307 393 1432 441 atque
1456 384 1615 443 patien-

264 450 332 492 tia.
364 451 502 492 Unum
518 449 599 493 Job
623 451 851 496 miraturus
881 455 1177 504 ascenderam,
1215 470 1363 498 omnes
1396 454 1477 497 Job
1511 470 1615 512 quos

265 519 456 569 mirarer,
480 520 631 563 inveni.
669 522 711 563 [n
731 523 900 580 singulis
926 525 1041 566 vobis
1067 524 1150 566 Job
1182 525 1351 573 revixit,
1376 523 1419 566 in
1445 524 1639 582 singulis-

266 590 410 633 Sancti
426 591 535 633 illius
554 592 763 649 patientia
770 602 811 635 et
832 595 962 637 virtus
978 595 1150 638 refulsit.
1175 596 1288 647 Quid
1305 595 1416 637 enim
1434 601 1619 653 praesenss

269 662 347 704 tius
363 661 445 705 dici
460 663 595 720 potuit
615 679 635 705 a
654 663 898 707 Christianis
920 665 1041 714 viris,
1067 681 1191 722 quam
1224 667 1267 708 id
1295 667 1409 723 quod
1429 666 1586 708 hodie
1576 681 1618 707 m

267 733 385 776 vobis
411 734 589 791 Spiritus
620 744 787 778 sanctus
820 745 882 778 est
911 737 1107 779 locutus?
1133 738 1369 795 Rogamus,
1403 736 1615 792 Auguste,

269 818 354 846 non
383 819 644 861 pugnamus:
672 821 756 847 non
780 806 996 854 timemus,
1026 809 1097 849 sed
1128 822 1336 864 rogamus.
1368 807 1458 848 Hoc
1481 806 1622 848 Chris-

271 874 404 915 tianos
429 875 573 923 decet3
594 883 640 917 ut
659 884 700 918 et
722 877 1002 933 tranquillitas
1027 878 1140 935 pacis
1161 886 1345 935 optetur,
1365 887 1408 918 et
1429 875 1528 918 fidei
1548 891 1621 918 ve-

270 943 487 999 ritatisque
512 944 747 986 constantia
774 960 853 987 nec
879 947 1026 988 mortis
1054 957 1276 989 revocetur
1310 946 1513 1003 periculo,
1549 945 1622 987 Est
1650 929 1696 973 '³'

271 1013 382 1055 enim
404 1013 799 1071 praesulDominus‚
823 1016 892 1071 qui
915 1018 1047 1058 salvos
1070 1007 1205 1059 faciet
1200 1033 1312 1084 spei
1317 1025 1431 1058 antes
1462 1016 1503 1058 in
1531 1015 1596 1057 se¹

329 1083 422 1126 XV.
460 1084 544 1126 Sed
585 1084 689 1126 veni·
683 1100 799 1127 »mus
837 1088 889 1127 ad
934 1088 1166 1144 propositas
1203 1087 1417 1129 lectiones.
1462 1086 1497 1129 V
1502 1086 1621 1128 idetis

274 1153 439 1195 diabolo
463 1154 652 1196 tentandi
671 1154 883 1198 licentiam
911 1156 1026 1205 dari,
1052 1166 1098 1198 ut
1121 1156 1218 1198 boni
1241 1157 1487 1213 probentur.
1510 1156 1622 1197 Iuvi-

274 1224 344 1265 det
366 1224 532 1280 iniquus
549 1224 670 1266 bonis
693 1225 952 1284 profectibus
968 1260 976 1274 ‚
1005 1234 1138 1268 tentat
1160 1226 1331 1267 diversis
1351 1225 1498 1267 modis.
1520 1225 1625 1266 Ten-

274 1295 375 1336 tavit
398 1304 590 1337 sanctum
607 1295 689 1337 Job
721 1296 762 1337 in
788 1296 1064 1353 patrimonio,
1092 1297 1266 1339 tentavit
1287 1297 1326 1337 in
1355 1295 1472 1343 filiis,
1494 1303 1626 1337 tenta-

273 1366 331 1408 vit
353 1367 393 1407 in
417 1368 561 1408 dolore
594 1367 821 1424 eorpo1·.is²
853 1368 1059 1425 Fortior
1049 1385 1091 1411 m
1114 1384 1189 1411 suo
1213 1384 1391 1426 corpore
1416 1377 1622 1418 tentatur,

273 1436 517 1495 infirmior
508 1453 549 1478 m
577 1438 723 1479 alieno.
758 1439 809 1479 Et
835 1439 940 1481 mihi
964 1454 1076 1482 meas
1106 1440 1296 1488 divitias,
1322 1439 1485 1496 quasin
1508 1439 1625 1482 vobis

272 1507 408 1550 habeo
424 1540 435 1556 ,
458 1509 626 1550 volebat
646 1508 833 1558 auferre,
863 1518 905 1551 et
929 1510 1010 1552 hoc
1039 1510 1355 1566 tranquillitatis
1377 1519 1523 1553 vestrae
1551 1526 1626 1567 pa-

274 1578 517 1621 trimonium
560 1579 760 1636 dissipare
798 1580 1006 1637 cupiebat.
1051 1582 1133 1624 Vos
1175 1596 1342 1637 quoque
1379 1581 1489 1638 ipsos
1523 1580 1627 1623 mihi

271 1649 407 1691 bonos
443 1647 550 1689 filios
583 1649 785 1705 gestiebat
817 1650 1000 1706 eripere,
1044 1666 1122 1708 pro
1161 1651 1313 1707 quibus
1339 1665 1416 1708 ego
1439 1650 1628 1706 quotidie

272 1718 457 1760 instauro
480 1718 733 1761 sacrificium
756 1734 765 1761 ε
792 1734 864 1761 vos
891 1720 1021 1762 ruinis
1054 1721 1306 1777 quibusdam
1333 1720 1513 1778 publicae
1531 1735 1630 1777 per·

272 1788 522 1830 turbationis
550 1790 784 1831 conabatur
808 1789 990 1832 involve
998 1806 1031 1832 c.
1068 1791 1163 1831 Duo
1200 1790 1238 1847 i‹
1227 1790 1327 1831 itur
1359 1789 1444 1846 jam
1475 1804 1628 1846 genera

271 1858 513 1900 tentationis
537 1859 696 1916 excepi.
725 1859 776 1900 Et
802 1859 977 1902 fortasse
1008 1860 1105 1916 quia
1136 1859 1413 1901 infirmiorem
1449 1875 1516 1901 me
1547 1859 1630 1901 Do·
1670 1898 1680 1910 ,

270 1927 408 1970 minus
419 1928 528 1970 Deus
547 1929 678 1977 novit,
692 1929 884 1971 adhucin
902 1945 1054 1987 corpus
1074 1945 1214 1972 meum
1227 1945 1311 1971 non
1325 1914 1703 1985 deditfffitestrst

270 2006 369 2040 tem.
397 1999 517 2040 Etsi
507 2014 593 2056 ipse
611 2000 805 2056 cupiam,
844 2000 920 2041 etsi
955 2000 1154 2049 oss'eianu
1192 2000 1331 2042 adhuc
1365 2014 1431 2040 me
1454 1998 1628 2040 sortasse

273 2067 372 2110 huic
399 2070 621 2111 certamini
650 2070 855 2127 imparem
882 2069 1068 2127 judicat,
1093 2079 1133 2111 et
1156 2069 1328 2111 diversis
1363 2077 1532 2110 exercet
1567 2070 1628 2110 la-

271 2138 458 2181 boribus.
492 2139 578 2181 Nec
609 2139 692 2182 Job
724 2140 775 2181 ab
802 2140 881 2182 isto
908 2140 1035 2196 coepit
1059 2139 1315 2188 certamine,
1360 2139 1433 2181 sed
1467 2138 1509 2180 in
1547 2138 1630 2181 hoc

273 2209 596 2250 consummavit.
1328 2239 1409 2274 2³,ss

330 2279 442 2322 XVI.
469 2277 680 2321 Tentatus
703 2287 765 2321 est
788 2287 927 2321 autem
956 2280 1034 2321 Job
1062 2279 1220 2321 nuntiis
1258 2278 1514 2322 coacervatis
1546 2293 1630 2320 ma-

272 2349 433 2398 lorum,
457 2357 641 2391 tentatus
666 2358 729 2392 est
751 2349 876 2392 etiam
901 2366 976 2407 per
1006 2350 1256 2399 mulierem,
1288 2364 1381 2406 quae
1410 2350 1496 2391 ait:
1521 2348 1630 2391 «Die

274 2419 475 2476 »aliquod
495 2421 669 2462 verbum
699 2420 740 2462 in
769 2420 904 2462 Deum
921 2454 930 2469 ‚
957 2428 998 2461 et
1021 2436 1187 2462 morere
1203 2419 1233 2463 ³.
1258 2438 1273 2460 n
1294 2420 1451 2462 Videtis
1477 2427 1630 2475 quanta

274 2490 414 2532 subito
430 2484 853 2539 moveantur,⁸Gothi,
878 2505 1010 2538 arma,
1035 2491 1226 2547 gentiles,
1249 2491 1407 2532 mulcta
1426 2497 1631 2531 mercato-

272 2575 395 2610 rum,
423 2575 544 2618 poena
571 2569 828 2603 sanctorum.
868 2560 1097 2603 Advertitis
1132 2560 1237 2618 quid
1275 2559 1490 2617 jubeatur,
1532 2573 1631 2601 cum

327 2651 441 2695 ¹2Psal.
460 2662 527 2694 xm,
543 2663 576 2696 7.
591 2670 631 2677 —
652 2660 665 2676 ²
684 2652 762 2686 Job.
779 2664 801 2692 ι,
821 2664 872 2686 12.
885 2670 925 2677 —
940 2654 955 2676 ³
971 2652 1020 2686 ld.
1039 2664 1075 2691 ιι,
1090 2664 1121 2697 9.
