1774 3158
408 241 460 270 DE
492 242 583 269 FlDE
615 241 981 276 RESURRECTIONIS,
1015 244 1093 272 Lm.
1132 244 1176 273 11.
1421 243 1469 287 71

134 317 247 375 quod
268 319 489 363 materialis
507 322 710 363 elementa
730 319 933 369 naturae¹,
953 320 1224 379 praefiguratoe
1242 321 1475 366 Dominieae

133 391 332 447 passionis
356 392 508 434 indicio
532 426 542 440 ,
566 401 605 433 et
628 393 766 434 omnia
797 392 873 433 sibi
896 394 1105 434 mundana
1129 394 1386 450 subjecerit?
1405 395 1477 438 Fi-

135 460 235 503 delis
259 463 299 503 in
317 463 426 504 bello
447 495 458 514 ‚
484 463 709 504 abstemius
733 463 772 503 in
801 463 1016 520 triumpho
1032 495 1042 511 ,
1068 464 1137 519 qui
1161 466 1278 506 donis
1301 480 1383 507 non
1406 465 1478 508 ho·

133 532 292 574 minum
317 533 520 576 ditescere
536 567 546 583 ‚
571 534 642 575 sed
663 533 738 575 Dei
761 534 914 575 mallet.

189 604 357 646 XCVII.
395 605 605 647 Generare
621 620 662 647 se
679 620 798 662 posse
819 603 951 647 filium
971 620 1095 647 senex
1112 606 1290 648 credidit
1303 640 1312 655 ,
1331 608 1481 650 inimo-

131 673 218 716 lare
239 690 360 731 posse
377 690 420 716 se
437 674 567 716 filium
591 684 708 731 pater
727 674 953 731 judicavit²
981 692 989 715 :
1015 690 1092 716 nec
1114 677 1271 732 patrius
1295 678 1479 734 trepida—

133 745 190 786 vit
215 744 387 786 affectus
401 777 411 792 ,
433 759 530 786 cum
549 745 657 786 senis
677 745 890 785 dexteram
912 745 1044 801 pietas
1063 745 1304 801 adjuvaret3
1324 747 1483 789 sciebat

134 814 246 855 enim
271 814 549 870 acceptiorem
567 814 654 855 Deo
678 812 811 854 filium
835 814 1098 856 immolatum
1123 831 1237 864 esse,
1264 831 1387 872 quam
1417 832 1484 859 sa-

135 899 250 925 num.
276 884 385 941 Ergo
409 884 579 925 adducit
604 885 656 925 ad
683 883 936 925 sacrificium
968 884 1102 926 filium
1135 886 1479 934 dilectissimum3

131 963 172 996 et
190 970 316 1011 quem
334 970 426 996 sero
454 963 708 1011 susceperat,
737 955 821 996 cito
846 955 1000 998 obtulit
1024 971 1033 996 :
1058 971 1134 997 nec
1159 958 1321 1014 paterni
1345 957 1482 999 nomi-

131 1026 193 1068 nis
213 1027 490 1083 appellatione
514 1035 734 1068 revocatur
750 1059 760 1074 ‚
791 1041 885 1067 cum
911 1026 978 1068 ille
1004 1036 1164 1084 patrem
1184 1037 1352 1070 vocaret
1372 1061 1382 1077 ,
1412 1028 1481 1070 hic

133 1096 279 1139 silium.
311 1097 445 1138 Chara
470 1098 637 1153 quidem
660 1098 875 1138 nominum
902 1097 1072 1153 pignora
1096 1130 1105 1146 ‚
1143 1100 1215 1140 sed
1239 1100 1481 1141 amabiliora

133 1168 208 1209 Dei
233 1176 456 1225 praecepta.
480 1169 623 1224 Itaque
641 1168 737 1210 licet
755 1177 1097 1224 compaterentur
1115 1169 1264 1217 corda,
1285 1179 1378 1212 vota
1401 1172 1481 1212 du-

133 1239 294 1279 rabant.
323 1239 537 1280 Distrinxit
559 1255 683 1295 super
706 1238 835 1279 filium
861 1239 1042 1295 gladium
1068 1249 1240 1297 paterna
1269 1257 1415 1290 mann,
1439 1251 1481 1284 et

131 1308 266 1364 patrio
286 1309 493 1364 percussit
517 1308 667 1349 affectu
689 1341 698 1355 ,
724 1324 773 1348 ne
798 1309 951 1364 periret
972 1324 1094 1365 poena
1117 1326 1125 1350 :
1153 1311 1404 1367 trepidavit,
1427 1326 1480 1352 ne

133 1377 242 1420 ictus
264 1388 448 1426 erraret,
476 1380 643 1419 dextera
668 1377 878 1419 deficeret.
907 1378 1044 1420 Sensit
1066 1380 1229 1436 pietatis
1256 1381 1476 1430 affectum,

127 1447 201 1488 sed
223 1463 307 1488 non
330 1448 470 1489 omisit
492 1448 725 1490 devotionis
742 1448 956 1505 negotium
983 1464 991 1489 :
1019 1458 1059 1490 et
1080 1452 1335 1507 properabat
1356 1453 1477 1493 obse-

129 1517 298 1572 quium,
324 1518 449 1559 etiam
478 1533 573 1559 cum
603 1519 764 1560 audiret
794 1520 1027 1560 oraculum.
1064 1521 1183 1562 Unde
1215 1537 1290 1563 nos
1312 1537 1479 1579 quoque

129 1585 263 1628 Deum
291 1588 487 1630 omnibus
503 1622 513 1636 ‚
539 1603 642 1644 quos
662 1588 870 1645 diligimus
887 1621 896 1638 ‚
922 1589 1189 1645 praeferamus
1209 1624 1219 1638 ‚
1244 1592 1372 1650 patri,
1398 1592 1477 1634 fra·

129 1656 264 1697 tribus
282 1689 292 1704 ‚
327 1658 481 1706 matri;
515 1667 562 1700 ut
585 1659 714 1715 possit
734 1658 854 1700 nobis
880 1673 1043 1700 servare
1071 1660 1266 1710 dilectos,
1296 1661 1405 1703 sicut
1435 1661 1474 1702 in

127 1724 343 1769 Abraham
377 1728 617 1770 uberiorem
654 1737 1011 1770 remuneratorem
1032 1762 1041 1776 ‚
1073 1744 1198 1786 quam
1236 1730 1476 1773 ministrum

121 1795 329 1838 videmus.

187 1866 381 1909 XCVIII.
420 1868 585 1910 Obtulit
614 1868 785 1925 quidem
818 1867 950 1909 filium
975 1877 1107 1925 pater,
1143 1872 1216 1911 sed
1245 1870 1358 1913 Deus
1389 1886 1472 1913 non

125 1940 325 1997 sanguine
338 1972 348 1988 ,
368 1940 440 1981 sed
459 1940 610 1996 pietate
627 1939 980 1996 placaturfivem
999 1955 1074 1996 pro
1091 1940 1263 1983 homine
1282 1943 1475 1984 demons-

126 2011 254 2053 travit
276 2012 317 2053 in
339 2011 452 2069 ligno
470 2010 482 2031 ³
502 2028 512 2060 ;
539 2020 583 2052 ut
612 2018 652 2051 et
680 2010 811 2052 filium
831 2011 938 2066 patri
967 2011 1185 2059 redderet,
1209 2027 1289 2054 nec
1315 2013 1473 2070 periret

125 2081 259 2124 hostia
276 2082 496 2124 sacerdoti.
512 2083 744 2138 Itaquenec
762 2080 974 2123 Abraham
990 2081 1214 2137 parricidio
1229 2091 1471 2126 cruentatus

121 2161 185 2194 est
204 2186 215 2201 ,
244 2167 323 2194 nec
340 2152 452 2194 Deus
475 2151 679 2194 sacrificio
698 2152 980 2193 defraudatus.
1003 2150 1119 2193 Vidit
1138 2152 1345 2209 Propheta
1359 2187 1369 2202 ,
1393 2170 1471 2197 nec

126 2222 337 2265 affectavit
360 2223 602 2279 jactantiam
618 2255 628 2269 ‚
655 2237 732 2263 nec
753 2222 885 2263 tenuit
908 2221 1181 2278 pertinaciam
1208 2238 1217 2264 :
1243 2239 1362 2265 ovem
1394 2240 1472 2280 pro

131 2292 303 2336 homine
335 2294 524 2336 mutavit.
568 2293 663 2345 Quo
690 2293 820 2349 magis
847 2293 1100 2340 ostenditur,
1129 2308 1254 2348 quam
1284 2295 1473 2351 religiose

125 2363 354 2412 obtulerit,
377 2379 500 2420 quem
526 2372 610 2405 tam
631 2363 811 2405 libenter
830 2363 1001 2419 recepit.
1017 2361 1068 2403 Et
1086 2370 1148 2411 tu,
1167 2362 1199 2404 si
1216 2362 1304 2404 Deo
1319 2379 1474 2407 munus

128 2441 245 2474 tuum
272 2432 446 2482 offeras,
472 2448 554 2474 non
576 2432 771 2474 amitti-5⁶.
814 2432 893 2474 Sed
920 2432 1028 2473 avari
1057 2446 1216 2474 sumus.
1244 2432 1356 2474 Deus
1381 2434 1476 2474 uni-

123 2518 218 2545 cum
233 2503 385 2545 Filium
405 2504 528 2545 morti
545 2519 621 2561 pro
639 2503 760 2545 nobis
784 2503 961 2550 obtulit,
985 2518 1059 2544 nos
1073 2511 1239 2545 nostros
1259 2519 1472 2561 negamus.

171 2591 176 2605 ¹
203 2584 284 2614 Gen.
306 2593 370 2619 xw,
395 2594 421 2619 1,
438 2589 469 2615 et
486 2594 576 2626 seqq.
594 2602 631 2608 -
650 2593 661 2607 ¹
681 2583 731 2620 ld,
753 2582 1198 2622 xx=1‚11--³1bid.15.-⁴
1220 2583 1312 2614 Rom.
1334 2593 1407 2622 vni,
1423 2583 1478 2615 32.
