1774 3158
332 242 386 297 9¹3
879 253 910 279 S.
951 253 1141 280 AMssnosu

334 334 447 389 quod
474 347 494 373 a
520 330 648 372 fratre
670 339 732 372 est
757 330 1047 372 constitutum.
1073 331 1258 372 Postulet
1278 345 1428 387 parens
1449 331 1577 373 Roma
1608 331 1684 373 alia

337 416 613 459 quaecumque
632 401 840 442 desiderat
857 416 865 442 :
884 401 1018 442 debeo
1036 400 1233 443 ass'ectum
1250 400 1435 457 parenti,
1461 401 1533 442 sed
1557 401 1685 457 magis

338 471 590 527 obsequium
619 472 752 512 debeo
776 471 918 512 salutis
942 470 1117 511 auctori.

394 543 512 586 XXI.
540 542 654 593 Quid
671 543 722 583 de
741 556 881 582 amore
902 541 1222 597 provincialium
1241 543 1388 596 loquar
1402 572 1412 588 ,
1434 541 1499 582 vel
1514 555 1595 596 quo
1617 556 1687 583 eos

337 613 423 670 ipse
448 612 828 667 complectebatur,
854 611 919 651 vel
941 610 1011 665 qui
1036 611 1086 651 ab
1113 610 1159 651 iis
1182 610 1413 652 consultori
1441 625 1514 651 suo
1538 626 1688 666 repen·

339 683 518 724 debatur
536 714 546 730 ,
577 681 728 736 quibus
753 679 857 721 nihil
880 694 1064 735 unquam
1090 679 1217 720 indici
1246 694 1389 736 passus
1416 678 1511 721 est?
1534 680 1690 722 Praetc-

338 753 433 802 rita,
455 751 604 807 inquit,
628 765 711 791 non
729 758 888 806 queunt
908 751 1082 797 solvere,
1105 763 1208 790 nova
1233 757 1432 806 poterunt
1454 749 1691 790 sustinere?

341 824 401 865 Ex
433 823 512 863 hoc
542 822 715 862 laudant
747 819 971 876 provinciae
1002 819 1218 861 Julianum
1245 835 1253 860 :
1285 828 1325 861 et
1355 820 1422 862 ille
1449 820 1615 875 quidem
1649 821 1689 862 in

343 894 515 935 robusta
533 899 652 932 aetate
667 923 677 938 ‚
698 890 773 931 iste
792 890 833 931 in
853 905 1050 947 processu
1076 890 1365 931 adolescentiae
1390 905 1398 932 ε
1422 890 1489 931 ille
1512 891 1689 946 plurima

342 963 521 1020 reperit,
545 970 585 1003 et
603 960 793 1002 exhausit
815 960 977 1008 omnia3
1003 959 1080 1001 iste
1106 959 1210 1000 nihil
1227 959 1409 1007 invenit,
1435 968 1474 1000 et
1498 959 1691 1000 omnibus

344 1032 583 1076 abundavit.

398 1102 534 1145 XXII.
562 1100 731 1142 Audivit
753 1100 793 1140 in
816 1098 1101 1155 Transalpinis
1127 1097 1317 1155 partibus
1341 1099 1517 1155 positus,
1534 1100 1582 1140 ad
1608 1100 1692 1140 lta-

343 1173 407 1215 liae
432 1170 535 1213 fines
556 1171 757 1212 barbaros
779 1169 1104 1226 propinquasse,
1129 1168 1331 1209 sollicitus
1356 1182 1409 1209 ne
1435 1168 1570 1210 alieno
1595 1170 1694 1210 hos-

343 1252 382 1286 te
399 1256 520 1284 suum
538 1254 714 1296 regnum
735 1247 1010 1280 attentaretur
1025 1271 1034 1286 ,
1065 1238 1206 1278 venire
1224 1237 1502 1294 properabat,
1522 1239 1694 1294 cupiens

347 1313 557 1356 dimittere
580 1310 793 1352 Gallicana
816 1310 896 1350 otia
913 1340 924 1356 ,
947 1317 989 1350 et
1010 1308 1194 1365 pericula
1217 1316 1357 1349 nostra
1379 1308 1601 1365 suscipere.

404 1381 563 1425 XXIII.
608 1380 705 1421 Haec
736 1379 839 1420 mihi
872 1393 970 1420 eum
999 1379 1086 1419 aliis
1118 1378 1372 1419 communia,
1405 1379 1479 1420 Illa
1506 1379 1662 1435 privata
1683 1411 1694 1428 ,

347 1452 461 1509 quod
485 1464 591 1507 saepe
615 1464 682 1490 me
706 1448 939 1505 appellabat
965 1448 1177 1489 absentem
1195 1479 1205 1494 ,
1236 1456 1276 1488 et
1309 1463 1328 1489 a
1352 1462 1419 1489 me
1447 1447 1695 1489 initiandum

345 1537 387 1564 se
418 1520 543 1563 sacris
573 1519 781 1575 mysteriis
813 1517 1073 1575 praeferebat.
1114 1517 1228 1568 Quin
1263 1517 1388 1559 etiam
1423 1533 1519 1559 cum
1552 1534 1697 1558 rumor

347 1592 516 1648 quidam
541 1591 592 1631 ad
610 1589 889 1631 Viennensem
910 1588 1147 1645 pertulisset
1164 1588 1336 1635 urbem,
1362 1589 1474 1644 quod
1495 1588 1696 1630 invitandi

347 1662 437 1718 ejus
455 1661 503 1702 ad
523 1659 684 1701 Italiam
703 1659 833 1714 gratia
850 1673 899 1699 eo
922 1673 1138 1715 pergerem
1153 1673 1164 1705 3
1181 1672 1305 1714 quam
1326 1658 1554 1714 gaudebat,
1573 1673 1696 1714 quam

347 1730 634 1788 gratulabatur
654 1744 720 1769 me
740 1728 817 1769 sibi
841 1736 981 1785 optato
1006 1727 1134 1769 affore
1157 1728 1165 1767 1
1197 1727 1310 1769 Mora
1332 1727 1368 1768 ei
1388 1729 1588 1769 adventus
1615 1727 1697 1768 mei

343 1798 544 1858 prolixior
566 1797 796 1839 videbatur.
824 1797 961 1853 Atque
984 1797 1143 1838 utinam
1168 1798 1393 1838 adventum
1411 1797 1544 1853 ipsius*
1558 1798 1697 1838 nullus

346 1869 614 1928 praevenisset
640 1868 810 1909 nuntius
829 1869 836 1907 Ι

406 1938 565 1983 XXIV.
600 1936 694 1978 Jam
719 1936 994 1993 promiseram
1019 1952 1086 1978 me
1109 1938 1420 1993 profecturum,
1441 1940 1698 1994 respondens

347 2011 413 2052 vel
425 2007 639 2051 honoratis
657 2006 910 2062 petentibus,
931 2007 994 2047 vel
1014 2007 1224 2062 praesecto,
1247 2016 1291 2048 ut
1310 2008 1599 2063 tranquillitati
1622 2010 1700 2050 lta-

347 2081 413 2124 liae
431 2078 745 2125 consuleretur,
771 2091 841 2119 me
863 2077 969 2118 sicut
986 2077 1199 2133 superfluo
1220 2078 1407 2134 ingerere
1429 2094 1513 2120 non
1537 2095 1699 2135 possein

349 2159 522 2210 propter
550 2147 849 2190 verecundiam
866 2180 875 2195 ,
908 2147 962 2188 ita
990 2148 1306 2189 necessitatibus
1330 2163 1413 2190 non
1437 2150 1692 2194 defuturum.

354 2220 658 2264 Confirmatum
681 2218 761 2260 hoc
782 2226 870 2260 erat
889 2233 897 2258 :
914 2232 1012 2259 ecce
1030 2219 1230 2274 postridie
1247 2219 1395 2260 litterae
1413 2220 1463 2261 de
1486 2220 1696 2263 instruen-

351 2294 412 2335 dis
430 2290 716 2333 mansionibus
732 2321 741 2336 ,
764 2288 945 2330 invectio
972 2298 1316 2331 ornamentorum
1344 2291 1544 2347 regalium
1560 2324 1570 2340 ‚
1601 2294 1698 2334 alia-

353 2377 433 2418 que
464 2359 672 2416 ejusmodi
700 2374 791 2415 quae
813 2358 1095 2414 ingressurum
1125 2359 1202 2400 iter
1223 2359 1518 2416 imperatorem
1543 2362 1698 2419 signifi·

351 2438 509 2473 carent.
541 2429 705 2480 Quibus
734 2430 858 2470 rebus
885 2428 934 2469 ab
958 2429 1053 2485 ipsis
1072 2446 1092 2471 a
1111 2430 1260 2485 quibus
1279 2429 1442 2472 fuerant
1466 2435 1694 2488 postulata,

347 2500 580 2545 intermissa
598 2499 751 2556 legatio
770 2507 845 2541 cst.

404 2569 537 2613 XXV.
577 2570 686 2612 Picus
706 2569 806 2610 mihi
832 2569 1002 2611 videbar
1026 2578 1198 2626 sperata*
1222 2584 1323 2610 meai
1347 2571 1590 2628 prsesentiae,
1619 2587 1696 2615 nec
