1774 3158
300 276 385 326 438
848 294 881 321 a.
921 294 1113 322 xmnaosu

298 370 574 426 superiorem.
611 370 717 412 Nam
747 372 848 414 dum
885 374 1082 415 ulteriora
1117 387 1341 422 recenseo,
1382 375 1513 417 movit
1545 389 1613 418 me
1633 408 1643 424 ‚

300 441 450 489 fateor,
476 441 572 497 quia
596 441 754 483 addidit
774 457 782 483 ε
800 460 815 480 α
838 443 1004 485 Scimus
1022 443 1134 484 enim
1158 445 1273 499 quod
1295 445 1431 486 omnis
1456 453 1648 487 creatura

301 530 317 550 n
331 511 588 568 ingemiscit3
607 530 621 550 n
637 527 734 554 cum
756 513 798 554 in
819 514 947 571 priori
966 514 1152 572 capitulo
1172 514 1260 556 sine
1284 515 1519 571 adjectione
1537 517 1653 558 dixe-

300 581 355 623 rit
378 596 386 622 :
407 581 548 633 «Quia
581 591 773 625 creatura
809 584 981 626 vanitati
1016 584 1209 641 subjecta
1236 585 1338 627 est¹.
1363 603 1378 624 n
1413 585 1506 628 Non
1539 586 1652 628 enim

298 666 467 693 omnem
503 661 764 702 creaturam,
790 655 863 696 sed
887 664 1127 697 creaturam
1160 654 1398 711 subjectam
1440 656 1558 697 dixit.
1600 657 1654 698 Et

301 722 453 764 iterum
482 722 538 764 ait
562 737 603 763 z«
621 722 833 774 Quoniam
856 732 898 766 et
923 724 1010 781 ipsa
1033 732 1226 766 creatura
1249 725 1500 767 liberabitur
1522 741 1543 768 a
1564 741 1654 768 ser-

298 815 313 832 »
330 794 462 835 vitute
483 793 811 850 corruptionis2.
835 794 1006 837 »Tertio
1029 804 1171 837 autem
1199 794 1358 837 addidit
1379 796 1492 851 quod
1517 795 1653 837 omnis

300 872 495 905 creatura
514 862 823 919 congemiscat³
836 896 845 905 .

358 933 408 974 ΙΙ.
444 933 558 984 Quid
585 932 662 973 sibi
685 932 812 989 igitur
847 934 936 975 vult
967 934 1043 975 ista
1078 934 1287 990 adjecti03
1325 935 1404 977 nisi
1425 935 1534 976 sorte
1557 935 1654 992 quia

300 1017 386 1045 non
413 1002 551 1043 omnis
573 1010 765 1044 creatura
797 1003 989 1058 subjecta
1022 1003 1195 1045 vanitati
1227 1013 1290 1046 est
1329 1021 1339 1044 ε
1373 1014 1415 1047 et
1443 1005 1538 1061 qnia
1571 1020 1655 1047 non

301 1074 436 1117 omnis
460 1073 632 1115 vanitati
655 1073 848 1129 subjecta
870 1082 956 1121 est,
991 1088 1078 1116 non
1110 1075 1245 1116 omnis
1277 1091 1299 1117 a
1328 1077 1527 1117 servitute
1559 1091 1656 1117 cor-

300 1144 506 1202 ruptionis
523 1143 803 1186 liberabitur?
825 1144 939 1195 Quid
962 1145 1075 1186 enim
1095 1145 1317 1194 liberetur,
1342 1162 1432 1202 quae
1451 1162 1472 1188 a
1491 1146 1658 1202 subjec-

304 1218 417 1259 tione
440 1216 634 1259 vanitatis
655 1224 729 1257 eta
747 1215 948 1257 servitute
970 1217 1254 1274 corruptionis
1267 1217 1358 1273 ejus
1369 1232 1514 1274 expers
1533 1226 1658 1274 atque

304 1288 503 1329 immunis
528 1286 608 1328 sit?
627 1286 776 1329 Omnis
803 1295 943 1328 autem
967 1287 1255 1343 congemiscat
1277 1287 1422 1328 nonin
1446 1302 1521 1329 suo
1538 1320 1549 1336 ‚
1585 1287 1658 1329 sed

302 1361 343 1402 in
369 1367 512 1401 nostro
535 1359 682 1401 labore
703 1391 711 1404 ,
737 1367 779 1400 et
802 1359 1108 1415 comparturiat
1134 1359 1251 1400 illum
1272 1359 1445 1400 sortasse
1464 1358 1657 1414 spiritum

301 1431 445 1473 salutis
467 1463 476 1476 ‚
500 1430 697 1486 spiritum
720 1429 997 1485 jucunditatis
1013 1460 1024 1477 ‚
1058 1437 1286 1485 expectans
1309 1428 1577 1484 adoptionem
1606 1427 1659 1468 fi-

299 1503 453 1544 liorum
480 1500 585 1547 Dei3
615 1508 660 1540 ut
696 1513 971 1540 communem
995 1498 1046 1540 de
1068 1499 1360 1556 redemptione
1385 1498 1558 1540 humani
1585 1513 1658 1554 ge-

301 1571 412 1613 neris
436 1576 721 1625 consequatur
742 1568 930 1611 laetitiam
958 1576 1000 1610 et
1022 1568 1339 1610 exultationem.
1375 1567 1460 1609 Aut
1484 1576 1659 1625 propter

299 1643 548 1685 charitatem
567 1640 694 1696 igitur
707 1654 824 1681 suam
839 1639 975 1681 omnis
992 1639 1230 1696 ingemiscit
1244 1646 1433 1680 nostrum
1446 1639 1656 1685 laborem,

301 1722 371 1756 aut
393 1718 569 1769 propter
589 1710 832 1751 membrum
858 1709 920 1751 sui
945 1709 1135 1767 corporis
1151 1741 1162 1754 ,
1184 1709 1305 1766 cujus
1327 1715 1453 1766 caput
1469 1707 1658 1750 Christus

300 1794 376 1827 cst.
403 1782 488 1826 Sed
511 1782 596 1823 sive
618 1781 674 1823 ita
702 1789 748 1822 ut
779 1780 984 1829 diximus,
1023 1781 1109 1821 sive
1141 1779 1390 1837 simpliciter
1422 1778 1658 1836 subjectam
1695 1828 1700 1833 v

301 1864 540 1899 creaturam
562 1868 731 1895 omnem
751 1852 902 1894 dixerit
924 1851 1240 1909 congemiscere
1263 1861 1304 1893 et
1324 1850 1629 1909 comparturire
1643 1884 1655 1900 ,

300 1935 345 1969 ut
365 1926 476 1967 voles
504 1923 704 1981 intellige.

359 1996 430 2039 111.
469 1994 593 2037 Nunc
625 1992 730 2035 illud
753 1992 1071 2036 consideremus
1094 1993 1210 2049 quod
1239 1992 1394 2049 adjecit
1418 1991 1569 2035 :aNon
1591 2006 1655 2034 so-

299 2090 314 2107 »
330 2070 418 2111 lum
441 2073 582 2108 antem
608 2064 675 2105 illa
694 2096 706 2113 ,
731 2065 805 2106 sed
825 2063 952 2105 etiam
980 2078 1056 2105 nos
1085 2062 1291 2120 primitias
1314 2062 1483 2119 spiritus
1497 2061 1661 2104 haben·

303 2159 318 2178 n
333 2148 393 2181 tes
410 2170 421 2186 ,
455 2135 533 2194 ipsi
569 2134 678 2176 intra
711 2149 786 2175 nos
813 2133 1152 2191 ingemiscimus,
1179 2132 1451 2189 adoptionem
1475 2130 1659 2174 filiorum

301 2231 315 2249 n
331 2215 602 2266 expectantes
618 2237 629 2255 ,
654 2205 994 2262 redemptionem
1019 2203 1212 2260 corporis
1234 2202 1405 2244 nostri⁶.
1423 2221 1438 2241 >³
1471 2202 1584 2254 Quid
1607 2202 1660 2244 sit

301 2279 470 2337 adoptio
493 2277 679 2319 filiorum
695 2276 888 2334 superior
908 2275 1058 2333 pagina
1082 2276 1231 2326 docet;
1252 2282 1294 2315 et
1312 2274 1406 2315 ideo
1422 2273 1658 2331 exponendi

297 2365 443 2395 sensus
465 2348 596 2406 gratia
621 2347 674 2390 ad
697 2346 960 2405 superiorem
979 2346 1288 2388 recurrendum
1307 2354 1369 2387 est
1386 2344 1595 2402 paginam.

354 2420 426 2464 IV.
465 2419 549 2471 Qui
572 2418 722 2476 spiritu
738 2451 748 2466 ,
764 2417 922 2475 inquit,
943 2417 1053 2459 facta
1073 2416 1210 2459 carnis
1233 2413 1481 2463 mortificat,
1502 2413 1653 2456 vivet⁵.

296 2492 383 2536 Nec
407 2491 567 2534 mirum
603 2488 637 2531 si
659 2488 793 2537 vivat,
823 2502 922 2530 cum
943 2486 1054 2530 filius
1082 2486 1157 2529 Dei
1183 2485 1257 2529 fiat
1277 2518 1289 2536 ,
1322 2485 1393 2543 qni
1418 2483 1547 2527 habet
1569 2482 1659 2541 Spi-

344 2605 352 2618 ¹
373 2596 467 2628 Rom.
493 2604 563 2631 vin,
586 2604 638 2627 20.
664 2613 703 2620 —-
727 2603 738 2619 ⁸
760 2592 851 2626 Ibid.
875 2603 925 2625 τι.
951 2610 988 2618 -
1018 2593 1034 2616 3
1061 2591 1149 2625 Ibid.
1168 2602 1219 2624 υ.
1243 2608 1284 2615 -
1307 2591 1320 2618 ⁴
1339 2589 1433 2622 Rom.
1452 2597 1524 2624 vm,
1546 2587 1598 2620 23.
1615 2604 1657 2611 —

297 2654 310 2674 ⁶
329 2651 419 2686 lbid.
438 2648 489 2683 13.

1227 2703 1270 2746 Φ
