1774 3158
309 262 358 288 DE
392 259 514 286 OBITU
552 255 848 285 VALENMMAM
884 255 1150 282 consul.;t'1‘1(›.
1323 244 1399 283 113

120 335 312 379 LXXIII.
360 353 375 373 «
396 334 722 389 Requiescamns
736 363 746 378 ,
774 330 907 386 inquit
921 361 930 377 ,
956 330 996 370 in
1021 331 1197 372 castellis
1213 364 1222 377 ‚
1239 349 1252 368 n
1267 339 1401 373 osten-

65 409 165 449 dens
189 407 270 448 illic
293 420 382 447 esse
405 404 593 460 requiem
617 402 814 443 tutiorem
829 433 838 448 ‚
868 415 958 455 quae
980 409 1096 456 septo
1118 402 1298 442 eoelestis
1332 417 1398 443 re-

66 477 163 533 fugii
186 475 343 517 munita
372 483 494 529 atquc
512 473 659 514 vallata
673 504 683 520 ,
707 485 791 511 non
807 469 1040 526 exagitetur
1061 471 1323 512 saecularium
1342 472 1403 512 in-

67 546 257 587 cursibus
275 544 517 586 bestiarum.

123 613 313 656 LXXIV.
362 613 433 653 «In
465 610 651 663 foribus,
685 608 844 665 inquit,
869 609 1020 650 nostris
1043 623 1187 650 omnes
1209 611 1330 651 foetus
1354 626 1411 651 ar-

67 704 82 722 »
97 684 247 725 borum
270 698 279 722 :
304 696 408 722 nova
429 690 469 722 et
487 688 626 721 vetera
644 712 653 727 ‚
673 678 800 720 frater
821 693 938 719 meus
956 710 967 726 ‚
992 679 1149 720 servavi
1169 679 1282 720 tibi¹.
1308 681 1410 730 Quis

70 752 214 794 »dabit
246 761 306 799 te,
331 752 472 797 frater,
512 749 685 790 fratrem
708 747 811 789 mihi
831 779 841 795 ,
867 749 1093 789 lactentem
1118 748 1247 789 ubera
1269 750 1411 790 matris

71 836 199 863 nmeae
224 820 241 862 P
276 820 496 862 lnveniens
515 827 555 860 te
576 818 675 859 foris
695 850 706 866 ,
742 817 964 858 osculabor
988 825 1046 864 te;
1077 822 1119 858 et
1139 819 1307 873 quidem
1330 834 1413 860 non

71 899 296 949 »spernent
330 905 397 931 me
425 905 433 930 :
462 903 669 930 assumam
698 897 763 935 te,
795 897 837 929 et
860 887 1056 928 inducam
1097 895 1137 929 te
1173 889 1213 929 in
1242 890 1413 930 domum

71 962 242 1003 »matris
261 976 378 1009 meae,
394 968 434 1002 et
453 960 493 1001 in
506 967 716 1001 secretum
735 958 826 1015 ejus
840 973 931 1014 quzc
953 959 1147 1015 concepit
1165 974 1245 1000 me.
1268 959 1418 1002 Potum

73 1050 87 1070 »
102 1031 208 1073 dabo
234 1030 308 1072 tibi
332 1046 352 1071 a
375 1029 469 1070 vino
491 1028 657 1085 operosi
681 1030 901 1084 unguenti,
925 1043 944 1068 a
964 1028 1079 1069 ssuxu
1100 1031 1305 1070 malorum
1323 1046 1418 1086 gra-

73 1109 298 1142 »natorum
321 1114 528 1141 meorum.
559 1098 679 1140 Laeva
706 1098 797 1153 ejus
816 1099 892 1139 sub
919 1107 1045 1154 caput
1065 1114 1230 1147 meum,
1255 1108 1295 1140 et
1318 1101 1419 1140 dcx-

75 1190 90 1210 »
104 1179 189 1212 tera
208 1169 298 1225 ejus
316 1170 622 1224 complectetur
638 1167 993 1209 me².»Pr01nittit
1010 1169 1126 1209 fratri
1144 1178 1325 1225 augustae
1337 1185 1417 1210 mc-

73 1239 216 1281 moriae
237 1238 464 1280 Gratianus
488 1246 639 1294 praesto
658 1238 736 1279 sibi
756 1237 915 1278 fructus
942 1239 1199 1279 diversarum
1225 1254 1313 1280 esse
1337 1240 1419 1280 vir-

75 1317 235 1354 tutum3
262 1307 339 1348 suit
361 1307 473 1348 enim
505 1315 546 1348 et
579 1307 666 1363 ipse
695 1306 830 1348 fidelis
867 1308 909 1348 in
945 1307 1150 1364 Domino,
1186 1309 1277 1364 pius
1299 1317 1420 1365 atquc

75 1387 317 1420 mansuetus
340 1410 350 1425 ‚
382 1393 488 1434 puro
519 1380 660 1419 corde.
689 1378 786 1418 Fuit
808 1377 933 1418 etiam
959 1386 1097 1419 castus
1119 1393 1294 1436 corpore
1315 1412 1324 1426 ‚
1350 1382 1420 1435 qui

76 1459 226 1507 praeter
250 1449 506 1507 ³conjugium
546 1448 743 1490 nescierit
784 1448 963 1490 soeminae
998 1450 1166 1490 alterius
1195 1459 1422 1491 consuctu-

78 1522 230 1562 (linem.

135 1590 306 1634 LXXV.
344 1592 443 1633 Ideo
476 1592 518 1632 in
549 1590 708 1632 foribus
730 1591 838 1632 sedis
865 1606 948 1632 suae
971 1591 1100 1632 habet
1122 1591 1281 1633 fructus
1305 1608 1421 1649 para—

80 1671 141 1705 tos
157 1695 168 1712 ,
193 1677 270 1704 nec
299 1664 422 1720 longe
436 1663 650 1719 petendos.
672 1661 807 1703 Offert
827 1676 918 1718 quae
937 1663 1163 1704 servaverit
1178 1663 1295 1704 fratri
1319 1679 1423 1705 nova

80 1742 122 1774 et
146 1741 308 1780 vetera,
334 1733 414 1774 hoc
438 1740 524 1780 est,
553 1741 594 1773 et
620 1732 875 1773 Testamenti
902 1732 1059 1774 Veteris
1079 1765 1090 1780 ,
1131 1741 1171 1774 et
1212 1734 1422 1791 Evangelii

82 1810 339 1844 sacramenta
354 1834 365 1850 ,
394 1810 434 1843 et
456 1802 557 1843 dicit
583 1817 591 1843 :
609 1802 742 1853 «Quis
761 1802 875 1844 dabit
891 1811 948 1850 te,
966 1802 1110 1849 frater,
1130 1802 1301 1844 fratrem
1321 1805 1424 1845 mihi

85 1875 337 1914 »lactentem
362 1874 490 1914 ubera
513 1873 654 1914 matris
674 1889 776 1914 meae
791 1905 802 1922 ‚
818 1892 832 1912 υ
858 1873 939 1915 hoc
961 1882 1044 1922 est,
1065 1888 1148 1916 non
1170 1874 1425 1931 quicumque

79 1956 142 1994 te,
168 1947 240 1986 sed
262 1945 452 1987 Christus
485 1947 734 1987 illuminavit
770 1947 901 2003 gratia
938 1948 1124 2004 spiritali.
1167 1948 1239 1990 Ille
1259 1956 1297 1989 te
1322 1949 1424 2004 bap-

84 2017 245 2064 tizavit,
276 2017 372 2072 quia
393 2017 575 2058 humana
601 2018 674 2059 tibi
698 2017 832 2058 officia
860 2017 1095 2061 defuerunt.
1134 2019 1230 2060 Plus
1252 2018 1427 2075 adeptus

83 2103 125 2129 es
140 2120 151 2135 ,
176 2088 246 2143 qui
265 2088 425 2129 minora
443 2097 483 2130 te
505 2089 688 2130 amisisse
715 2089 927 2130 credebas.
959 2090 1062 2140 Quae
1084 2097 1180 2130 sunt
1201 2090 1329 2131 ubera
1347 2090 1429 2130 Ec-

84 2158 234 2207 clesiae,
251 2159 327 2201 nisi
346 2169 605 2201 sacramenta
620 2159 910 2217 baptismatis?
928 2160 979 2202 Et
1002 2160 1109 2201 bene
1125 2160 1180 2201 ait
1202 2176 1211 2200 :
1230 2178 1244 2198 «
1257 2159 1431 2201 Lacten-

87 2236 199 2270 »tem
215 2261 226 2276 ,
246 2230 390 2285 »quasi
414 2245 510 2272 eun]
534 2231 604 2286 qui
627 2232 859 2287 baptizatus
883 2231 1002 2273 lactis
1030 2230 1138 2272 nivei
1166 2246 1340 2272 succum
1363 2245 1431 2272 re-

87 2299 234 2354 quirat.
277 2319 292 2338 α
312 2301 529 2342 Inveniens
547 2335 558 2350 ‚
585 2302 740 2358 inquit,
770 2310 807 2343 te
831 2301 929 2343 foris
945 2335 956 2351 ‚
983 2303 1206 2344 osculabor
1228 2312 1318 2353 te‚»
1349 2303 1428 2344 hoc

89 2379 172 2418 est,
196 2379 310 2413 extra
333 2387 482 2429 corpus
505 2381 543 2414 te
566 2374 778 2429 reperiens
798 2404 807 2419 ,
832 2375 976 2414 osculo
997 2373 1184 2429 mysticae
1207 2374 1319 2430 pacis
1343 2388 1430 2413 ssm-

89 2440 260 2496 plectar.
292 2442 422 2484 Nemo
450 2452 489 2484 te
513 2452 703 2500 spernet,
730 2445 866 2485 nullus
891 2445 1114 2491 excludet,
1139 2444 1180 2484 in
1204 2443 1432 2501 penetralia

142 2563 150 2576 ¹
174 2554 268 2586 Cant.
284 2565 341 2590 vii.
359 2555 406 2587 15.
427 2573 466 2578 —
487 2567 496 2579 ¹
521 2556 569 2587 td.
589 2567 664 2593 vni,
689 2558 752 2589 1-5.

243 2657 300 2684 Lx.
1300 2644 1322 2683 ὅ
