1774 3158
487 268 769 299 EPISTOLARUM
802 268 958 297 cLAssls
992 271 1020 298 1.
1367 272 1445 313 157

102 351 206 393 nihil
235 349 346 392 enim
378 349 537 396 habeo,
561 349 673 404 quod
699 347 780 389 hoc
802 347 939 389 verius
960 357 1001 388 et
1025 347 1243 404 gloriosius
1275 350 1412 391 dicam
1433 366 1442 391 :

100 434 206 471 non,
228 419 394 475 inquam
411 451 422 466 ,
444 418 547 459 mihi
571 416 741 458 affectus
764 416 916 469 defuit,
937 415 1009 458 sed
1034 417 1230 459 ass'ectum
1248 434 1450 461 verecun-

102 489 167 530 dia
189 488 438 535 retardavit,
463 487 686 544 quominus
709 486 942 528 clementiae
960 494 1039 527 tuae
1054 501 1336 530 occurrerem.
1363 492 1448 530 Re—

100 558 277 599 vertenti
310 566 450 599 tamen
473 557 505 599 si
544 572 628 599 non
647 556 816 599 occurri
846 557 1038 613 vestigio,
1072 558 1239 599 occurri
1278 559 1445 608 animo,

102 627 268 669 occurri
300 635 419 675 voto,
439 628 481 668 in
502 642 585 682 quo
613 626 772 682 majora
795 633 892 667 sunt
914 625 1051 667 officia
1077 628 1319 669 sacerdotis.
1363 628 1449 669 Oc·-

102 698 214 740 curri
235 729 245 746 .
279 697 413 740 dico?
451 698 630 749 Quando
652 696 765 738 enim
794 695 931 745 abfui,
959 712 1085 752 quem
1127 705 1212 739 toto
1246 700 1451 754 sequebar

104 765 256 808 affectu
275 799 285 815 ‚
320 767 387 808 cui
429 782 553 808 sensu
598 781 645 808 ac
683 766 899 808 mentibus
942 765 1230 827 inhaerebam?
1254 768 1304 809 Et
1335 778 1450 810 certe

101 837 237 893 major
261 837 499 880 animorum
522 837 739 893 praesentia
764 845 838 878 est.
867 836 1006 879 Tuum
1042 838 1334 893 quotidianum
1374 840 1452 880 iter

101 907 316 963 legebam,
347 912 471 949 no‘cte
498 922 545 949 ac
574 907 639 948 die
664 906 704 948 in
726 906 807 948 tuis
823 907 970 948 castris
991 921 1090 949 cura
1113 917 1155 950 et
1192 924 1315 950 sensu
1344 910 1454 951 loca-

103 985 192 1025 tus,
231 977 467 1020 orationum
491 977 679 1019 excubiis
702 978 1017 1033 praetendebam
1052 992 1061 1019 :
1099 987 1141 1021 et
1179 978 1210 1021 si
1250 980 1454 1023 invalidus

99 1046 251 1089 merito
266 1078 275 1096 ,
301 1048 375 1089 sed
404 1046 559 1089 affectu
580 1047 765 1089 sedulus.

160 1118 211 1159 11.
250 1118 302 1159 Et
333 1117 423 1159 haee
460 1117 632 1174 quidem
657 1133 754 1160 cum
771 1132 848 1174 pro
872 1126 943 1159 tua
971 1119 1104 1161 salute
1126 1118 1418 1162 deferebamus
1440 1153 1450 1168 ,

102 1201 179 1243 pro
202 1187 322 1229 nobis
345 1187 616 1230 faciebamus.
650 1187 763 1230 Nihil
780 1187 848 1229 hic
872 1188 1122 1230 adulationis
1142 1197 1228 1238 est,
1258 1204 1382 1246 quam
1407 1198 1451 1231 tu

104 1270 189 1298 non
213 1258 411 1313 requiris,
433 1273 510 1314 ego
531 1258 709 1318 sslfffflm
731 1266 874 1300 nostro
895 1259 1004 1300 duco
1037 1257 1175 1300 officio
1198 1276 1207 1299 :
1231 1261 1304 1301 sed
1324 1261 1455 1316 pluri-

103 1340 220 1367 mum
238 1327 403 1383 gratiae,
430 1322 743 1383 quansdedisti.
769 1326 955 1383 Scitipse
978 1327 1108 1369 nostri
1132 1328 1304 1376 arbiter,
1328 1344 1456 1385 quem

103 1395 243 1438 fateris
259 1429 269 1445 ,
294 1406 336 1440 et
356 1398 398 1439 in
420 1413 545 1454 quern
564 1398 630 1453 pie
645 1397 780 1439 eredis
796 1431 806 1447 ,
833 1396 948 1438 refici
966 1397 1125 1439 viscera
1144 1413 1237 1440 mea
1260 1407 1329 1440 tua
1348 1397 1451 1448 fide,

104 1474 173 1508 tua
196 1468 329 1509 salute
346 1500 357 1516 ,
384 1476 453 1509 tua
481 1468 609 1525 gloria
639 1483 647 1508 :
679 1482 830 1524 meque
854 1482 937 1509 non
960 1469 1095 1509 solum
1118 1468 1256 1511 officio
1280 1469 1450 1526 publico

103 1536 265 1578 debitas
291 1539 475 1593 pendere
497 1552 642 1594 preces
673 1537 791 1595 (66),
818 1539 890 1579 sed
920 1537 1046 1579 etiam
1087 1553 1229 1580 amore
1271 1539 1449 1595 privato.

101 1606 334 1650 Reddidisti
356 1608 468 1650 enim
492 1609 594 1650 mihi
612 1608 797 1665 quietem
822 1608 1021 1650 Ecclesiae
1038 1641 1048 1656 ,
1069 1608 1327 1666 perfidorum
1352 1624 1421 1651 ora
1442 1642 1452 1658 ,

103 1685 226 1733 atque
247 1677 407 1720 utinam
430 1687 472 1721 et
493 1679 644 1727 corda,
669 1678 879 1720 clausisti:
895 1687 936 1721 et
957 1678 1037 1721 hoc
1057 1693 1141 1721 non
1156 1679 1317 1722 minore
1335 1679 1450 1728 fidei,

104 1762 227 1803 quam
245 1748 462 1805 potestatis
482 1748 732 1791 auctoritate
753 1748 901 1791 fecisti.

161 1818 234 1860 111.
269 1818 375 1861 Nam
399 1819 501 1875 quid
522 1820 573 1861 de
595 1819 744 1861 litteris
768 1819 1011 1861 recentibus
1042 1819 1220 1876 loquar?
1240 1819 1452 1877 Scripsisti

104 1895 174 1929 tua
193 1894 323 1929 totam
343 1888 561 1944 epistolam
583 1903 737 1937 manu;
764 1897 810 1931 ut
832 1888 909 1946 ipsi
929 1889 1067 1956 apices
1085 1888 1213 1931 fidem
1231 1898 1345 1931 tuam
1370 1889 1455 1946 pie-

104 1965 317 2015 tatemque
338 1959 625 2014 loquerentur.
654 1959 723 2001 Sic
745 1958 960 2001 Abraham
983 1974 1057 2001 sua
1087 1973 1217 2000 manu
1239 1960 1454 2016 quondam

101 2027 280 2070 vitulum
304 2028 502 2078 occidit¹‚
524 2037 571 2071 ut
592 2028 829 2086 hospitibus
866 2029 1135 2085 epulantibus
1156 2029 1414 2072 ministraret
1441 2046 1450 2072 ε

102 2112 182 2141 nec
207 2098 250 2140 in
270 2099 503 2141 ministerio
538 2099 732 2157 religioso
756 2099 935 2141 aliorum
958 2099 1201 2156 adjumenta
1241 2100 1444 2156 quaesivit.

103 2166 188 2210 Sed
207 2168 275 2211 ille
293 2169 477 2226 privatus
495 2178 566 2212 aut
585 2169 767 2212 Domino
787 2173 828 2211 et
870 2168 1039 2226 Angelis
1054 2202 1064 2218 ,
1107 2177 1178 2211 aut
1199 2169 1381 2212 Domino
1408 2169 1450 2211 in

103 2237 271 2296 Angelis
294 2238 508 2282 deserebat
529 2254 538 2281 ε
562 2248 631 2288 tu,
659 2240 919 2297 Imperator,
945 2239 1185 2296 dignatione
1222 2239 1351 2297 regali
1373 2239 1452 2281 ho-

102 2323 225 2352 noras
248 2309 441 2352 infimum
469 2310 744 2353 sacerdotem.
773 2309 858 2353 Sed
871 2309 1061 2367 ¹Domino
1099 2309 1308 2358 defertur,
1353 2324 1451 2351 cum

106 2380 295 2422 servulus
322 2379 586 2428 honoratur;
613 2380 702 2437 ipse
723 2379 838 2422 enim
862 2379 964 2421 dixit
986 2395 994 2421 τ
1013 2398 1028 2418 «
1046 2380 1172 2432 Quod
1195 2380 1268 2422 uni
1300 2379 1453 2423 horum

106 2448 407 2491 »minimorum
430 2448 608 2498 fecistis,
638 2448 742 2491 mihi
765 2446 955 2492 fecisfis'.
977 2468 992 2489 n

163 2519 232 2564 IV.
269 2520 323 2563 At
335 2534 412 2578 ego
438 2517 719 2563 humilitatem
737 2520 1032 2566 tantummodo
1055 2520 1238 2581 prffidico
1261 2521 1302 2564 in
1320 2520 1455 2578 impe-

153 2616 164 2633 ¹
183 2609 266 2641 Gen.
285 2619 378 2648 xviu,
395 2621 428 2653 7.
445 2628 485 2635 —
505 2616 517 2634 ²
537 2609 658 2645 Matth.
679 2620 753 2649 xxv,
768 2610 824 2648 4ο.

226 2677 310 2708 Lxx.
1300 2681 1315 2710 1
1328 2681 1348 2709 2
