1774 3158
523 267 803 296 EPISTOLARUM
835 268 991 296 CLASSJS
1025 268 1050 296 1.
1385 269 1466 314 227

124 347 232 389 citur
258 346 391 388 anima
417 346 713 403 prudentium,
740 354 782 388 et
815 347 1048 389 delectatur
1071 361 1080 389 ε
1107 348 1222 403 quod
1244 357 1306 391 est
1327 350 1471 392 candi-

125 416 222 457 dum
244 425 284 458 ct
307 431 430 457 suave
446 416 653 463 ,veritatis
676 417 896 472 splendore
918 416 1158 459 illuminans
1174 450 1184 466 ‚
1208 426 1247 460 et
1266 418 1468 462 virtutum

123 486 323 527 suavitate
347 485 592 526 demulcens
619 485 878 526 audientium
899 485 1070 528 animas.
1462 523 1464 525 .

88 563 115 594 is
180 556 286 598 VIII.
326 557 371 597 In
404 571 447 597 se
477 557 588 597 enim
614 535 1064 613 dedicerathopheta
1097 559 1198 614 quid
1230 570 1338 603 esset
1370 576 1468 604 con-

122 629 377 669 summandae
417 628 474 669 rei
507 633 630 669 αἴτιον.
657 628 759 670 Nam
794 643 890 669 cum
920 629 1159 672 mitteretur
1190 633 1240 673 ad
1266 635 1468 690 populum

121 697 197 740 Dei
216 698 481 740 liberandum
500 729 509 745 ‚
531 699 580 738 ad
610 713 748 755 regem
770 699 962 755 AEgyptL
989 699 1045 742 ait
1066 715 1075 742 ε
1093 719 1107 738 α
1127 701 1230 753 Quis
1254 718 1346 745 sum
1368 719 1469 759 ego,

117 788 138 827 0»
154 778 198 812 ut
224 771 369 811 vadam
387 802 395 815 ,
416 777 458 810 et
479 770 654 810 educam
679 771 878 827 populum
907 787 926 812 a
951 771 1057 828 regis
1083 775 1353 829 potestatci'»
1377 777 1474 819 Res-

122 841 268 897 pondit
292 840 495 885 Dominus
517 855 556 881 z«
582 841 668 897 Ego
691 855 763 882 cro
788 850 941 884 tecum.
968 843 1289 902 »Interrogabat
1317 847 1471 891 iterum

121 911 303 968 Moyses:
325 929 338 949 u
363 911 474 961 Quid
497 911 634 952 dicam
657 911 756 959 illis,
784 912 816 953 si
841 913 1055 968 requirant
1082 929 1090 955 ε
1118 915 1222 966 Quis
1245 925 1308 959 est
1332 918 1470 960 Domi·

122 1000 136 1020 n
152 971 245 1028 nus,
262 982 330 1038 qui
351 982 460 1024 misit
485 991 521 1023 te
539 1014 548 1032 ,
565 990 606 1023 et
625 983 738 1038 quod
757 998 909 1025 nomen
927 993 989 1025 est
1007 985 1061 1026 illi
1078 984 1467 1030 PDixitDominus:

121 1053 236 1109 »Ego
256 1068 345 1094 sum
370 1054 440 1109 qui
465 1067 570 1094 sum.
594 1052 718 1094 Dices
743 1068 751 1094 :
778 1053 859 1103 Qui
883 1063 967 1103 est,
992 1055 1102 1097 misit
1128 1056 1237 1099 me'.
1267 1059 1385 1100 »Hoc
1410 1068 1472 1101 est

121 1139 266 1165 verum
303 1138 457 1165 nomen
493 1123 595 1170 Dei,
633 1138 722 1165 esse
747 1138 926 1180 semper.
959 1125 1076 1166 Unde
1107 1135 1149 1168 et
1171 1126 1399 1184 Apostolus
1422 1131 1473 1172 do

123 1194 289 1236 Christo
307 1209 315 1234 ε
333 1212 347 1232 α
366 1194 441 1236 Dei
458 1194 570 1236 enim
588 1193 696 1235 filius
711 1193 832 1236 Jesus
861 1194 1049 1238 Christus
1064 1229 1073 1244 ,
1093 1197 1162 1253 qui
1186 1197 1227 1239 in
1246 1199 1363 1242 vobis
1381 1210 1471 1249 est,

119 1285 135 1303 »
152 1265 222 1321 qui
252 1280 326 1321 per
348 1278 421 1305 nos
447 1264 696 1320 praedicatus
718 1273 803 1314 est,
829 1279 904 1321 per
927 1280 995 1319 me
1025 1275 1067 1309 ct
1088 1267 1317 1328 Sylvatltim
1345 1281 1386 1313 et
1407 1273 1475 1314 Ti-

122 1335 367 1377 »motheum
385 1350 500 1387 finon
524 1335 599 1376 suit
615 1368 624 1382 ‚
651 1336 811 1392 iuquit,
841 1336 912 1379 Eu
933 1345 974 1379 et
992 1329 1119 1384 Noni:
1145 1341 1218 1381 sed
1241 1341 1312 1384 Est
1340 1341 1382 1384 in
1403 1343 1473 1386 illo

121 1406 269 1448 osuit2.
298 1424 312 1446 >2
343 1406 573 1463 Respondit
595 1406 757 1462 Moyses
783 1421 792 1447 :
823 1424 837 1443 σ
858 1407 900 1448 Si
932 1422 1016 1449 non
1045 1409 1303 1453 crediderint
1341 1413 1469 1461 mihi,

120 1492 287 1533 »neque
322 1476 590 1517 obaudierint
623 1491 771 1517 vocem
807 1491 969 1525 meam,
999 1478 1210 1528 dieentes,
1255 1481 1352 1537 quia
1386 1498 1470 1524 nou

119 1567 135 1589 ι
152 1548 343 1605 apparuit
374 1547 448 1589 tibi
473 1547 583 1588 Deus
602 1580 611 1595 ‚
632 1547 730 1603 quid
755 1548 890 1589 dicam
926 1548 1026 1590 illisg
1046 1550 1061 1591 Ρ
1085 1550 1238 1593 »Dedit
1267 1552 1325 1595 illi
1357 1556 1471 1613 signa

119 1619 279 1667 facere,
308 1627 355 1661 ut
376 1618 620 1661 crederetur
643 1619 737 1675 quia
769 1634 788 1660 a
824 1619 1004 1661 Domino
1035 1621 1183 1664 missus
1221 1632 1294 1667 est.
1324 1626 1467 1671 Tertio

121 1691 175 1732 ait
197 1691 359 1747 Moyses
380 1706 388 1732 ε
406 1708 421 1729 α
444 1690 535 1733 Non
567 1705 657 1732 sum
689 1691 837 1747 dignus
853 1724 862 1739 ,
885 1700 927 1733 et
949 1692 1091 1748 gracili
1116 1708 1217 1736 voce
1245 1711 1337 1739 sum
1354 1731 1364 1745 ,
1391 1708 1469 1741 tar-

120 1778 136 1800 »
151 1762 266 1805 diere
286 1762 424 1818 lingua
442 1793 451 1809 ‚
473 1761 686 1817 quomodo
707 1775 774 1801 me
799 1761 1190 1805 audictP11arao⁴2³»
1205 1765 1468 1824 Responsum

119 1840 182 1873 est
213 1832 249 1872 ci
274 1846 316 1871 z«
338 1830 477 1878 Vade,
504 1840 545 1872 et
568 1846 642 1887 ego
667 1831 848 1888 aperiam
873 1846 918 1873 os
947 1840 1065 1874 tuum
1084 1865 1095 1883 ,
1123 1843 1164 1877 et
1197 1835 1398 1881 instruam
1431 1850 1469 1883 te

120 1922 135 1942 »
150 1904 247 1959 quid
271 1903 423 1944 debeas
442 1903 595 1958 loqui⁵.
612 1922 626 1940 ι)

178 1973 251 2016 IX.
290 1973 641 2030 Interrogationcs
664 1989 762 2030 ergo
784 1974 862 2015 illae
885 1974 926 2015 in
949 1975 1090 2017 medio
1112 1985 1152 2019 et
1173 1981 1467 2036 responsiones

120 2044 331 2101 sapientise
359 2044 516 2085 semina
539 2051 578 2083 ct
603 2044 952 2100 Sempc'oea-Grsslum
978 2053 1116 2088 tamen
1142 2055 1361 2104 ἀποτέλεσμα
1381 2063 1465 2102 cst;

119 2117 213 2173 qnia
259 2116 316 2157 ait
355 2132 364 2158 :
399 2134 413 2152 «
440 2115 526 2172 Ego
563 2129 634 2156 ero
672 2114 848 2157 tecum‘i
883 2134 897 2154 n
942 2115 992 2157 Et
1020 2118 1208 2173 quamvis
1239 2121 1404 2166 dederit
1430 2125 1467 2166 ei

120 2188 234 2243 signa
274 2187 437 2234 saccre3
479 2195 616 2227 tamen
655 2186 862 2227 dubitanti
909 2187 1061 2229 iterum
1078 2221 1088 2237 ,
1129 2198 1174 2231 ut
1219 2192 1324 2234 scias
1371 2196 1466 2251 quia

119 2259 233 2315 signa
266 2273 348 2299 non
381 2257 671 2305 credentibus,
706 2258 959 2314 promissum
999 2267 1137 2301 autem
1174 2263 1468 2315 credentibus,

119 2329 335 2386 respondit
361 2330 411 2370 ad
435 2327 719 2370 infirmitatem
740 2330 802 2370 vel
829 2330 992 2378 meriti,
1014 2333 1077 2373 vel
1100 2332 1181 2374 voti
1205 2348 1245 2374 :a
1269 2335 1355 2392 Ego
1380 2352 1473 2394 apo.

119 2419 133 2440 ι)
148 2401 251 2442 riam
270 2415 316 2441 os
334 2408 531 2449 tuum‚et
550 2401 752 2441 instruam
773 2409 811 2442 te
831 2401 931 2457 quid
961 2402 1113 2445 debeas
1131 2404 1255 2461 loqui.
1273 2423 1288 2445 »
1302 2407 1471 2452 Persec-

121 2479 209 2513 tum
227 2486 325 2528 ergo
350 2476 567 2527 ἀποτέλεσμα
592 2479 802 2513 servatum
830 2480 904 2513 cst.

165 2584 175 2600 ¹
192 2574 295 2607 Exod.
318 2586 370 2614 ru,
393 2575 538 2614 ιι-ι4.-
558 2585 570 2600 ⁸
591 2585 606 2605 2
621 2575 698 2607 Cor.
724 2587 746 2610 1.
772 2586 865 2618 ¹9.-
887 2576 898 2598 ³
916 2576 1474 2624 Euoduv,1,etseqq.—⁴1bid.

124 2642 173 2665 10.
191 2649 230 2656 —-
251 2633 263 2654 ⁵
283 2629 357 2662 lbid
393 2641 442 2664 ι).
463 2648 500 2655 -
519 2631 534 2653 ⁵
555 2630 606 2662 Id.
623 2641 672 2667 m,
703 2641 748 2662 1².

1263 2702 1327 2736 10·
