1774 3158
321 279 336 307 ι
350 265 399 307 18
855 281 885 309 s.
925 280 1115 310 Amnnosn

317 358 547 401 »virtutum
569 391 578 407 ‚
607 357 648 401 in
667 357 831 402 civitate
857 359 933 403 Dei
951 362 1081 404 nostri
1106 395 1115 414 ,
1142 377 1264 418 quam
1282 362 1394 405 Deus
1410 360 1597 404 fundavit
1621 360 1661 403 in

317 448 332 467 o
347 429 607 472 aeternu1n¹.r›
622 428 704 472 Sed
721 431 924 487 plurimos
942 440 1138 488 tanquam
1157 433 1551 489 paternodestitutos
1565 447 1665 487 prae-

315 499 421 541 sidio
445 499 691 556 dereliquit,
719 515 764 542 ac
787 502 1048 558 potissimum
1068 501 1186 545 filios.
1215 503 1297 544 Sed
1320 519 1402 545 non
1427 512 1524 544 sunt
1546 502 1648 544 dcsti

317 568 413 615 tuti,
433 584 536 625 quos
555 569 718 626 pietatis
731 586 814 611 suae
834 571 999 626 reliquit
1017 572 1201 614 haeredes
1224 588 1331 614 :non
1350 582 1445 614 sunt
1460 571 1661 620 destituti,

318 638 469 693 quibus
492 639 647 681 Christi
669 640 886 695 acquisivit
903 641 1077 697 gratiam
1091 674 1101 690 ,
1122 651 1163 683 et
1180 643 1386 684 exercitus
1405 641 1532 683 fidem
1553 640 1660 698 (49)

317 709 386 750 cui
407 711 663 752 documento
684 709 764 752 fuit
787 712 923 752 Deum
943 711 1078 753 favere
1101 713 1269 768 pietati,
1293 714 1559 768 ultoremque
1576 726 1666 754 esse

315 779 514 838 perfidiae.

374 850 445 891 ΙΙΙ.
480 850 581 907 Ejus
603 867 701 909 ergo
719 852 918 909 principis
939 860 980 893 et
999 851 1186 908 proxime
1206 852 1559 894 conclamavimus
1581 851 1669 893 obi-

316 927 405 960 tum
431 928 473 961 et
504 936 618 963 nunc
641 922 1003 978 quadragesimam
1036 922 1324 970 celebramus,
1360 921 1575 963 assistente
1605 935 1670 961 sa-

318 990 399 1031 cris
422 992 620 1034 altaribus
643 993 829 1035 Honorio
851 992 1063 1049 principe;
1083 992 1178 1049 quia
1198 993 1306 1034 sicut
1326 1002 1495 1034 sanctus
1513 992 1670 1047 Joseph

317 1060 424 1116 patri
446 1076 522 1103 suo
543 1061 675 1104 Jacob
699 1062 977 1119 quadraginta
1000 1061 1149 1103 diebus
1171 1062 1425 1104 humationis
1447 1061 1583 1103 officia
1606 1062 1671 1102 de-

318 1130 438 1177 tulit,
470 1131 520 1172 ita
555 1141 597 1173 et
626 1132 695 1174 hic
718 1132 961 1174 Theodosio
993 1132 1100 1188 patri
1125 1132 1234 1188 justa
1258 1132 1469 1188 persolvit.
1497 1131 1549 1173 Et
1575 1130 1671 1187 quia

319 1199 385 1240 alii
416 1200 587 1242 tertium
621 1201 731 1243 diem
755 1211 797 1244 et
823 1201 1087 1258 trigesimum
1107 1235 1116 1250 ‚
1153 1202 1219 1243 alii
1251 1202 1475 1257 septimum
1503 1209 1544 1242 et
1568 1215 1669 1256 qua-

319 1269 600 1326 dragesimum
625 1272 850 1314 observare
868 1280 1208 1320 consueverunt,
1235 1272 1335 1328 quid
1352 1273 1500 1314 doceat
1520 1271 1644 1313 lectio
1658 1303 1668 1319 ,

324 1340 653 1383 consideremus.
676 1343 919 1384 «Defuncto
937 1343 1075 1399 itaque
1092 1342 1225 1384 Jacob
1240 1375 1250 1391 ,
1272 1344 1491 1400 praecepit,
1517 1342 1670 1397 inquit,

317 1429 331 1447 »
346 1408 505 1467 «loseph
531 1412 671 1468 pueris
694 1413 978 1470 sepultoribus
996 1445 1005 1461 ,
1036 1422 1081 1454 ut
1098 1413 1324 1468 sepelirent
1339 1429 1451 1454 eum.
1479 1413 1530 1454 Et
1552 1427 1672 1468 sepe·

317 1479 503 1523 »lierunt
533 1484 765 1538 sepultores
790 1484 941 1531 Isra'el,
971 1491 1012 1524 et
1042 1483 1186 1539 repleti
1213 1492 1308 1523 sunt
1336 1484 1372 1523 ei
1401 1479 1673 1539 quadraginta

318 1551 465 1601 »dies;
503 1553 561 1594 sic
594 1554 706 1595 enim
735 1553 1059 1595 dinumerantur
1094 1554 1180 1595 dies
1218 1555 1455 1610 sepulturae.
1486 1553 1538 1594 Et
1571 1552 1675 1595 luxit

317 1637 444 1663 »eum
474 1624 586 1680 (50)
619 1624 825 1680 [Egyptus
848 1624 1113 1680 septuaginta
1136 1624 1322 1666 diebus-2.
1346 1624 1471 1665 »Haec
1494 1639 1592 1680 ergo
1616 1639 1675 1665 se-

317 1694 484 1748 quenda
511 1694 773 1742 solemnitas,
802 1710 926 1751 quan]
951 1695 1185 1752 praescribit
1204 1695 1343 1736 lectio.
1370 1694 1453 1736 Sed
1479 1695 1605 1736 ctiam
1633 1693 1674 1734 in

317 1762 651 1805 Deuteronomio
677 1765 879 1822 scriptum
910 1775 971 1806 est
997 1780 1005 1805 t
1026 1786 1038 1801 «
1062 1765 1168 1815 Quia
1191 1767 1440 1822 planxerunt
1461 1763 1532 1805 [ilii
1551 1764 1676 1805 Israe'l

323 1831 523 1889 »Moysen
555 1833 702 1875 diebus
729 1835 896 1891 triginta
918 1868 927 1883 ,
962 1843 1003 1875 et
1040 1835 1320 1875 consummati
1349 1843 1445 1875 sunt
1471 1833 1556 1875 dies
1583 1835 1675 1875 luc-

317 1920 333 1940 »
350 1902 456 1944 tus³.
479 1922 493 1942 »
508 1904 694 1962 Utraque
712 1921 810 1962 ergo
830 1906 1068 1947 observatio
1091 1906 1218 1946 habet
1237 1905 1555 1953 auctoritatem3
1581 1904 1676 1960 quia

316 1973 600 2015 necessarium
624 1975 793 2032 pietatis
817 1976 1017 2033 impletur
1033 1976 1231 2017 officium.

353 2040 354 2043 ¹
375 2041 443 2084 IV.
481 2042 622 2084 Bonus
646 2045 789 2101 itaque
811 2045 970 2102 Joscph
988 2078 998 2092 ‚
1030 2046 1099 2100 qui
1123 2045 1299 2086 formam
1325 2045 1390 2101 pio
1412 2045 1577 2086 muneri
1606 2045 1673 2086 de-

320 2110 405 2159 dit,
431 2127 556 2168 quem
583 2115 749 2156 amabat
774 2122 892 2171 pater
911 2148 922 2163 ,
947 2114 1102 2170 cuique
1121 2114 1221 2156 dixit
1240 2131 1247 2156 :
1264 2134 1277 2152 «
1300 2114 1483 2171 Adjuvet
1505 2124 1545 2156 te
1567 2114 1677 2156 Deus

320 2196 492 2231 nuens,
521 2190 561 2223 et
585 2182 811 2225 benedicat
839 2192 878 2225 te
904 2184 1203 2226 bencdictione
1230 2194 1349 2226 terrae
1374 2185 1564 2226 habentis
1590 2200 1678 2226 om-

320 2252 416 2294 »nia
437 2285 447 2301 ,
487 2262 659 2310 propter
689 2254 1031 2296 benedictionem
1062 2257 1342 2296 mamillarum
1365 2264 1406 2296 ct
1427 2257 1577 2301 vulne,
1602 2256 1678 2296 be-

323 2322 616 2364 »nedictiones
648 2326 795 2366 matris
828 2334 937 2374 tuae,
978 2334 1019 2366 et
1056 2334 1230 2382 propter
1261 2326 1574 2380 benedictiones
1607 2341 1677 2381 pa-

319 2411 335 2431 »
351 2392 422 2434 tris
449 2392 532 2435 tui''
554 2408 563 2434 :
583 2394 670 2450 »pii
701 2395 830 2452 patris
857 2396 1023 2437 soboles
1049 2396 1174 2437 bona.
1204 2395 1398 2437 Celebrat
1419 2411 1518 2452 ergo
1539 2404 1581 2437 et
1602 2395 1677 2437 iste

317 2464 688 2521 quadragesimam
723 2466 850 2523 patris
885 2465 1018 2508 Jacob
1040 2498 1050 2514 ,
1087 2466 1413 2524 supplantatoris
1445 2465 1602 2514 illius⁵3
1636 2474 1677 2506 et

368 2563 374 2576 ¹
397 2553 479 2585 Psal.
497 2564 598 2590 nvn,
615 2567 645 2596 9.
674 2573 711 2579 -
728 2566 740 2580 ²
765 2556 846 2588 Gen.
866 2568 893 2593 ι,
912 2569 939 2589 2.
958 2575 997 2581 —
1018 2557 1030 2578 ³
1047 2557 1145 2590 Dent.
1164 2567 1273 2595 uxw,
1293 2557 1325 2589 8.
1343 2561 1405 2584 —⁴
1423 2557 1508 2588 Gen.
1524 2567 1606 2589 mx,
1625 2556 1674 2586 25·

321 2626 361 2633 —-
379 2607 389 2627 ⁵
418 2607 469 2641 ld.
491 2619 592 2647 xxvii,
614 2609 666 2644 56.
