1774 3158
109 1098 376 1143 'varicatricis
391 1101 656 1143 conscientia}
675 1103 912 1157 reyslatere
923 1101 1219 1164 cupiebat,sed
1241 1102 1371 1144 latere
1383 1115 1468 1142 non

512 254 795 287 EPISTOLARUM
833 252 990 283 cLAss1s
1024 253 1051 281 1.
1385 240 1436 281 33
1450 253 1464 280 ι

122 335 376 377 mandatur:
404 334 541 378 Trade
563 334 799 382 basilicam,
833 331 914 374 hoe
940 339 1030 374 est:
1059 330 1166 374 «Die
1195 330 1363 387 aliquod
1387 344 1475 372 ver-

123 405 254 446 »bum
292 405 334 447 in
368 405 528 455 Deum,
553 413 595 448 et
626 418 802 447 morere.
826 381 943 445 »EQ
976 403 1111 444 solum
1146 401 1213 444 dic
1251 402 1472 444 adversum

121 473 284 522 Deum3
310 475 383 516 sed
403 474 530 516 etiam
560 474 626 517 sac
656 474 850 516 adversus
873 471 1022 514 Deum.
1056 471 1306 515 Mandatur:
1334 471 1471 513 Trade

125 543 268 584 altaria
286 543 375 585 Dei.
664 541 668 545 ¹

180 612 314 656 XVII.
353 615 559 670 Urgemur
596 612 724 670 igitur
750 611 968 669 praeceptis
999 611 1229 668 regalibus,
1271 611 1342 652 sed
1374 624 1471 652 con-

122 683 341 726 firmamur
361 684 587 741 Scripturae
608 682 872 725 sermonibus
886 715 896 731 ,
933 697 1024 738 quae
1052 680 1267 738 respondit
1287 696 1296 721 :
1323 698 1338 719 α
1361 680 1472 722 Tan-
1491 672 1501 720 j

123 769 277 810 »quam
309 769 392 795 una
423 769 472 795 ex
503 752 794 810 insipientibus
817 753 959 794 locuta
981 750 1064 794 es¹.
1088 769 1103 790 ι)
1126 751 1218 794 Non
1246 749 1471 792 mediocris
1679 757 1683 759 ’
1719 747 1726 752 ’

123 823 248 881 igitur
285 824 361 865 ista
394 823 591 871 tentatio;
624 837 806 879 namque
844 822 1073 880 asperiores
1115 822 1364 864 tentationes
1397 821 1471 862 has
1504 881 1509 887 ἱ

122 908 211 934 esse
234 892 531 949 cognovimus,
557 907 648 948 quoe
681 891 788 933 fiunt
820 907 895 948 per
927 892 1136 934 mulieres.
1168 891 1359 948 Denique
1395 905 1474 948 per
1516 907 1517 911 ¹

121 962 250 1004 Evam
272 963 398 1004 etiam
421 963 555 1004 Adam
573 963 864 1025 supplantatus
885 960 997 1011 est23
1023 977 1157 1018 eoque
1178 961 1358 1010 sactum,
1379 968 1426 1001 ut
1449 975 1470 1001 a
1502 971 1504 973 ’
1555 981 1558 988 ·

122 1031 330 1072 mandatis
361 1031 601 1073 coelestibus
628 1025 824 1073 deviaret.
855 1030 950 1082 Quo
973 1046 1116 1073 errore
1144 1031 1339 1087 cognite,
1367 1045 1474 1087 prce-

122 1178 313 1227 poterat3
338 1182 380 1212 et
397 1172 489 1212 ideo
509 1172 564 1213 ait
584 1172 621 1213 ei
645 1167 784 1213 D'eus:
810 1189 825 1210 α
842 1171 999 1221 Adam,
1020 1172 1090 1213 ubi
1114 1171 1179 1213 es‘
1197 1171 1214 1212 Ρ
1232 1171 1353 1213 »⁶hoc
1385 1179 1470 1221 est,

123 1240 223 1297 quid
243 1256 331 1282 eras
360 1241 485 1282 ante?
512 1241 583 1282 ubi
612 1256 726 1283 nunc
749 1257 838 1283 esse
867 1242 1061 1298 coepisti?
1085 1242 1154 1284 ubi
1178 1251 1217 1284 te
1245 1242 1473 1284 constitue-
1500 1294 1520 1305 'x
1630 1277 1653 1285 ι
1676 1278 1682 1281 ι

123 1309 242 1352 ram?
263 1326 345 1367 quo
368 1310 756 1367 ipset-ransgressus
779 1310 851 1352 es?
874 1311 1077 1368 Agnoscis
1099 1327 1187 1353 esse
1216 1321 1256 1353 te
1278 1312 1439 1352 nudum
1457 1343 1468 1359 ‚

122 1379 218 1435 quia
242 1379 364 1421 bonae
383 1380 627 1421 indumenta
650 1379 747 1421 fidei
769 1381 1000 1436 perdidisti.
1023 1381 1138 1423 Folia
1157 1389 1253 1422 sunt
1271 1381 1369 1429 ista,
1386 1380 1475 1436 qui-

121 1449 200 1490 bus
224 1464 338 1492 nune
361 1451 499 1491 velare
522 1459 561 1491 te
583 1450 746 1506 quaeris.
774 1450 1017 1506 Repudiasti
1039 1451 1222 1492 fructum
1238 1483 1248 1498 ,
1270 1451 1346 1491 sub
1367 1450 1473 1491 foliis

121 1519 242 1576 Legis
263 1521 393 1562 latere
415 1520 558 1577 cupis,
584 1522 656 1561 sed
679 1522 882 1576 proderis.
905 1518 1119 1563 Recedere
1142 1536 1162 1562 a
1185 1521 1367 1562 Domino
1383 1520 1471 1562 Deo

112 1597 196 1631 -tuo
217 1598 386 1647 propter
408 1606 534 1632 unam
552 1591 771 1632 mulierem
794 1591 1036 1644 desiderasti
1055 1625 1064 1640 ,
1094 1600 1316 1649 propterea
1342 1591 1470 1647 sugis,

102 1676 248 1717 quem
276 1662 415 1704 videre
443 1663 673 1718 quaerebas.
704 1663 809 1704 Cum
843 1678 925 1703 una
960 1664 1136 1704 muliere
1159 1672 1196 1704 te
1215 1663 1474 1703 abscondere

98 1763 101 1776 ἵ
123 1732 321 1780 maluisti,
344 1733 580 1788 relinquere
597 1734 817 1789 speculum
835 1733 998 1781 mundi,
1023 1733 1253 1775 incolatum
1275 1731 1473 1789 paradisi,

122 1799 297 1857 gratiam
323 1801 490 1843 Christi.

179 1869 333 1913 XVIII.
371 1871 484 1921 Quid
514 1871 650 1912 dicam
675 1872 933 1928 quodetiam
952 1873 1084 1914 Eliam
1104 1872 1276 1916 Jezabel
1299 1882 1474 1916 cruente

122 1949 343 1997 persecuta
368 1940 489 1982 est⁴P
512 1943 626 1997 quod
654 1942 858 1983 Joannem
886 1943 1118 1999 Baptistam
1151 1944 1350 1985 llerodias
1377 1945 1474 1986 feeit

125 2010 324 2052 occidi⁵9
346 2010 528 2066 Singulae
553 2020 693 2053 tamen
712 2012 912 2068 singulos,
941 2012 1044 2053 mihi
1062 2028 1146 2068 quo
1169 2013 1330 2055 minora
1353 2015 1477 2071 longe

122 2081 294 2129 merita,
319 2096 368 2123 eo
388 2086 647 2123 tentamenta
669 2083 872 2138 graviora.
891 2081 1034 2124 Virtus
1053 2082 1274 2131 infirmior,
1293 2085 1366 2125 sed
1384 2085 1474 2141 plus
1527 2113 1558 2142 ,¹

123 2149 313 2206 periculi.
362 2151 608 2211 SUO-RQJPJ
646 2151 724 2211 sibi
760 2153 989 2210 „ululierum
1018 2153 1141 2203 ,yices
1166 2186 1176 2201 ,
1217 2156 1478 2196 alternantur
1530 2152 1541 2160 ‘

124 2219 240 2268 odia,
264 2211 759 2280 commentarvariantur,
788 2223 972 2263 seniores
1010 2223 1342 2271 conveniuntur,
1374 2238 1477 2280 prae-

124 2289 277 2330 texitur
300 2290 405 2345 regis
425 2280 589 2346 injuria.
619 2292 723 2342 Quae
750 2292 854 2333 ratio
884 2292 1010 2349 igitur
1041 2300 1103 2333 est
1134 2294 1329 2334 adversus
1362 2293 1476 2335 hunc

124 2359 401 2401 vermiculum
424 2360 624 2416 gravioris
654 2362 919 2410 tentationis,
947 2362 1024 2403 nisi
1048 2362 1144 2418 quia
1178 2378 1261 2403 non
1288 2378 1379 2411 me,
1407 2364 1479 2404 sed

123 2427 353 2470 Ecclesiam
376 2430 717 2486 persequuntur?

173 2541 180 2553 ¹
208 2531 278 2563 lob.
300 2543 336 2567 ιι,
357 2543 406 2564 ιο.
421 2550 460 2557 ·-
480 2544 492 2557 ¹
514 2535 597 2565 Gen.
619 2545 669 2574 ιιι,
689 2535 722 2566 6.
737 2555 773 2560 —
795 2538 808 2559 ³
831 2535 912 2568 thid.
933 2548 961 2579 9.
983 2555 1021 2560 -
1041 2538 1052 2561 4
1072 2537 1090 2567 5
1108 2537 1185 2578 neg.
1204 2546 1273 2574 xix,
1292 2545 1320 2574 1,
1339 2540 1368 2567 et
1385 2545 1473 2578 seqq.

127 2602 165 2608 —
186 2587 198 2608 ⁵
214 2586 333 2618 Matth.
355 2597 421 2624 x1v,
441 2587 473 2625 5,
495 2593 526 2620 et
545 2599 635 2631 seqq·

422 2740 512 2785 lt
