1774 3158
309 267 359 308 72
855 266 885 292 S.
929 267 1115 293 AMBROSH

311 343 428 385 Vidit
443 344 524 385 hoc
546 342 775 390 Abraham,
795 352 835 385 et
857 345 1021 400 agnovit
1039 345 1283 401 mysterium
1303 379 1312 393 ,
1338 346 1512 388 salutem
1538 347 1656 388 nobis

313 414 352 455 in
386 415 497 470 ligno
521 414 702 455 suturam
732 430 740 454 :
768 429 844 455 nec
867 416 987 456 latuit
1016 416 1053 455 in
1082 432 1164 456 uno
1194 418 1427 472 eodemque
1452 417 1656 458 sacrificio

312 483 423 525 aliud
440 499 528 525 esse
545 485 658 540 quod
676 484 887 525 videretur
904 483 1071 532 offerri,
1093 486 1202 526 aliud
1221 487 1331 540 quod
1349 495 1483 542 posset
1500 487 1651 528 occidi.

367 554 523 596 XCIX.
560 554 783 595 Imitemur
805 569 904 610 ergo
928 554 1106 595 Abrahae
1131 556 1395 597 devotionem
1415 589 1421 602 ,
1444 556 1658 598 imitemur

308 624 423 666 Isaac
443 625 673 666 bonitatem
693 656 703 673 ‚
729 624 943 664 imitemur
967 625 1271 666 castimoniam.
1305 627 1447 667 Bonus
1468 629 1590 683 plane
1616 634 1658 669 et

306 694 484 750 pudicus
503 695 579 741 vir,
607 696 780 735 devotus
799 694 909 744 Deo,
931 702 1068 736 castus
1091 695 1210 736 uxori
1231 711 1240 735 ε
1263 696 1332 752 qui
1355 696 1550 752 injuriam
1573 712 1656 738 non

308 763 517 812 reddidit,
543 764 867 805 excludentibus
890 766 1014 807 cessit
1035 798 1043 812 ,
1078 766 1328 822 poenitentes
1351 769 1520 807 eosdem
1544 782 1657 808 rece-

306 832 394 888 pit,
414 847 491 874 nec
517 841 734 889 protervus
758 834 1057 883 contumaciae,
1081 849 1159 876 nec
1177 836 1305 876 durus
1327 836 1480 892 gratiae'.
1501 822 1654 877 Litium

306 902 487 959 fugitans
509 937 518 952 ,
552 919 647 944 cum
682 906 900 945 recederet
924 920 932 945 :
958 903 1088 947 facilis
1111 905 1239 947 veniae
1256 939 1265 952 ‚
1294 921 1388 947 cum
1418 906 1623 962 reciperet
1643 923 1652 947 :

304 972 515 1030 profusior
542 974 730 1016 bonitate
751 1007 761 1022 ,
789 989 883 1015 cum
909 975 1156 1031 ignosceret.
1198 975 1423 1018 Petebatur
1446 976 1654 1031 societatis

307 1044 591 1092 consortium,
619 1044 807 1099 adjunxit
831 1045 1070 1086 convivium
1096 1045 1332 1102 voluptatis.

367 1113 412 1153 C.
452 1113 725 1154 Imitemurin
743 1114 871 1155 Jacob
897 1123 1043 1170 typum
1077 1114 1254 1163 Christi,
1280 1115 1331 1156 sit
1353 1114 1442 1171 ejus
1471 1115 1511 1156 in
1535 1115 1654 1157 nobis

309 1183 444 1239 aliqua
473 1183 700 1225 similitudo
719 1184 940 1226 factorum.
963 1185 1130 1225 Erimus
1148 1193 1384 1232 consortes,
1408 1185 1441 1226 si
1456 1184 1655 1226 fuerimus

307 1253 551 1296 imitatores.
581 1255 699 1296 Matri
723 1255 907 1296 obedivit
928 1287 938 1302 ,
966 1254 1082 1296 fratri
1108 1255 1229 1296 cessit
1250 1287 1260 1302 ‚
1287 1269 1432 1297 socero
1456 1255 1650 1305 servivit,

305 1325 545 1366 mercedem
567 1326 616 1366 de
631 1325 778 1372 lucris,
796 1340 878 1366 non
898 1327 948 1366 de
966 1325 1101 1381 gregis
1121 1326 1320 1366 divisione
1339 1326 1539 1382 quaesivit.
1562 1326 1652 1368 Non

308 1410 427 1436 avara
456 1396 629 1444 divisio,
660 1396 733 1437 ubi
761 1396 964 1437 lucrativa
986 1396 1138 1452 portio.
1172 1396 1255 1438 Nec
1285 1397 1348 1437 illa
1375 1397 1504 1437 otiosa
1527 1396 1654 1453 signi-

307 1465 448 1509 ficatio
473 1502 481 1514 ‚
507 1469 616 1509 scala
639 1468 689 1509 de
713 1469 818 1509 coelo
838 1501 847 1515 ‚
875 1468 988 1523 quod
1004 1481 1079 1523 per
1100 1481 1270 1509 crucem
1293 1457 1446 1509 Christi
1469 1467 1653 1524 Angelo-

305 1551 400 1578 rum
430 1546 553 1593 atque
584 1537 803 1579 hominum
839 1537 976 1579 futura
1010 1538 1219 1578 consortia
1243 1537 1528 1579 viderentur&
1575 1538 1651 1580 Cui

307 1608 646 1664 obstupefactum
668 1616 730 1649 est
747 1607 899 1655 femur,
927 1607 1028 1649 utin
1049 1607 1206 1649 femore
1228 1624 1302 1649 suo
1326 1616 1572 1664 agnosceret
1590 1623 1653 1666 ge-

304 1679 529 1720 nerationis
559 1679 767 1720 haeredem
782 1676 812 1729 ²,
835 1686 877 1719 et
893 1677 1198 1734 obstupefactio
1222 1678 1391 1719 semoris
1418 1679 1650 1735 passionem

300 1749 578 1805 prophetaret
601 1749 791 1791 haeredis.

360 1818 428 1859 CI.
465 1818 664 1859 Videmus
688 1818 814 1874 igitur
840 1819 993 1859 coelum
1012 1825 1154 1873 patere
1175 1817 1345 1865 virtuti,
1366 1832 1443 1859 nec
1462 1816 1543 1859 hoc
1562 1832 1651 1859 esse

256 1928 265 1930 ,
298 1901 532 1944 paucorum
566 1902 606 1927 z«
618 1887 735 1930 Multi
762 1886 873 1927 enim
897 1887 1065 1927 venient
1089 1887 1138 1927 ab
1162 1887 1335 1929 Oriente
1353 1920 1362 1934 ,
1387 1895 1429 1928 et
1449 1887 1500 1928 ab
1524 1886 1651 1928 Occi-

297 1976 311 1994 »
328 1959 469 2004 dente,
486 1967 528 1999 et
543 1957 751 2013 Aquilone
761 1957 1035 2005 etAustro,et
1052 1957 1351 1998 recumbentin
1363 1971 1494 2014 regno
1507 1955 1640 2006 Dein»

298 2029 618 2070 delectationem
634 2035 844 2084 perpetuae
861 2027 1010 2082 quietis
1024 2026 1195 2083 sepultis
1212 2027 1447 2068 animorum
1466 2026 1649 2067 motibus

293 2098 586 2155 exprimentes.
617 2096 860 2154 Sequemur
883 2096 1101 2137 Abraham
1123 2096 1318 2138 moribus
1335 2129 1345 2144 ,
1373 2104 1419 2138 ut
1448 2111 1523 2137 nos
1540 2096 1648 2137 reci-

294 2168 381 2224 piat
403 2167 444 2208 in
473 2167 681 2224 gremium
707 2182 829 2208 suum
850 2198 860 2213 ‚
884 2174 926 2207 et
948 2174 1148 2221 tanquam
1172 2165 1379 2207 Lazarum
1400 2180 1484 2207 suae
1505 2164 1648 2207 humi-

291 2239 418 2281 litatis
436 2238 645 2279 haeredem
658 2237 835 2295 propriis
857 2236 1159 2278 circumfusum
1177 2237 1400 2279 virtutibus
1418 2237 1486 2294 pio
1509 2236 1648 2277 foveat

293 2308 533 2365 amplexu*-
567 2307 659 2350 Non
692 2307 800 2349 enim
837 2321 913 2349 nos
945 2307 987 2348 iu
1016 2306 1176 2364 gremio
1216 2305 1458 2363 corporali,
1493 2307 1565 2346 sed
1603 2305 1645 2346 in

291 2380 474 2439 quodam
523 2379 734 2420 bonorum
775 2378 985 2421 sactorum
1024 2378 1181 2420 amictu
1217 2378 1351 2420 sancti
1389 2375 1643 2420 Patriarchae

335 2514 341 2525 ·
363 2506 444 2540 Gen,
479 2515 593 2543 xxviii,
629 2514 674 2539 12f
694 2520 733 2532 «π
756 2512 767 2531 2
798 2504 849 2543 ld,
880 2515 983 2544 xxxin,
1015 2514 1065 2555 ²9·
1087 2519 1127 2531 -
1154 2504 1168 2531 ³
1187 2502 1307 2542 Manli,
1337 2513 1410 2540 vui,
1433 2512 1481 2539 ιι.
1502 2518 1542 2532 -υ-
1559 2501 1641 2541 ΜΝ,

288 2570 355 2604 §Vh
374 2570 422 2598 2¹³³
