1774 3158
367 240 417 267 ΒΕ
451 239 541 266 FIDE
575 235 935 269 aasunnncr10ms‚
970 237 1047 264 Lm.
1087 237 1130 264 ιι.
1378 223 1432 280 39

98 317 178 360 sori
194 326 264 360 tuo
281 315 478 372 relinquis
493 349 503 364 ,
526 315 559 356 si
576 313 713 370 portio
729 313 819 369 ejus
831 328 915 355 non
935 315 986 356 ad
1002 316 1146 357 luxum
1164 316 1432 373 praesentium

97 388 314 446 proficiat,
341 388 413 428 sed
436 387 487 427 ad
508 385 688 441 pretium
712 384 964 425 futurorum.

153 457 264 500 XIV.
305 457 387 499 Sed
419 456 700 497 desideramus
735 453 917 494 amissos
953 453 1046 494 Duo
1081 463 1177 496 sunt
1207 455 1318 497 enim
1345 472 1437 512 quae

98 527 276 568 maxime
295 533 468 581 angunt,
489 533 557 566 aut
574 523 824 565 desiderium
844 536 990 564 eorum
1008 555 1018 570 ‚
1039 538 1142 578 quos
1159 524 1438 574 amiserimus,

96 596 202 637 sicut
224 610 318 637 meo
345 594 536 651 exemplo
567 592 748 633 metior:
770 600 839 633 aut
868 593 982 648 quod
1009 607 1078 633 eos
1109 593 1201 634 vitae
1232 595 1436 636 suavitate

95 665 300 721 privatos,
319 670 484 720 ereptos
502 662 654 703 laboris
672 662 733 702 sui
756 661 960 703 fructibus
985 662 1251 704 arbitremur.
1277 664 1438 705 Tenera

96 734 206 775 enim
229 733 381 775 amoris
409 741 472 774 est
494 732 697 778 titillatio,
722 747 813 787 quae
842 732 1111 788 improvisum
1140 731 1336 774 affectum
1365 749 1440 775 ex-

95 804 222 851 citat,
250 811 296 844 ut
317 802 487 844 sedandi
521 802 673 858 magis,
708 816 833 857 qnam
857 803 1105 843 excludendi
1130 803 1283 844 doloris
1306 803 1440 846 sacul-

96 881 156 913 tas
179 872 439 929 relinquatur
459 887 468 912 2
491 872 615 913 simul
635 871 729 927 quia
750 871 864 927 pium
883 872 1047 912 videtur
1069 873 1307 915 desiderare
1323 875 1439 929 quod

96 942 304 989 amiseris,
327 950 368 983 et
393 941 529 997 specie
552 941 713 982 virtutis
736 942 936 982 adolescit
960 941 1190 984 infirmitas.

158 1011 251 1054 XV.
290 1011 370 1054 Sed
393 1025 469 1052 cur
492 1019 534 1051 tu
560 1020 678 1067 putes
700 1012 990 1068 patientiorem
1014 1014 1126 1054 illam
1144 1029 1234 1055 esse
1256 1015 1410 1056 debere
1426 1047 1437 1063 ,

95 1097 187 1137 quae
223 1082 425 1124 dilectum
461 1083 513 1122 ad
538 1082 758 1138 peregrina
784 1082 1008 1132 dimiserit,
1044 1091 1084 1124 ct
1107 1084 1262 1125 mititiae
1285 1084 1437 1141 gratia.

94 1153 162 1192 vel
195 1158 399 1207 susceptae
424 1151 791 1191 administrationis
814 1150 974 1198 officio,
1009 1154 1072 1192 vel
1102 1153 1337 1207 negotiandi
1362 1168 1439 1193 usu

94 1220 382 1262 transfretasse
403 1221 689 1276 compererit;
717 1235 839 1275 quam
865 1228 904 1260 te
926 1221 995 1271 qni
1021 1236 1103 1261 non
1129 1221 1298 1262 fortuito
1324 1221 1437 1262 arbi-

97 1291 174 1332 trio
199 1290 496 1345 derelinqueris
515 1322 523 1335 ‚
550 1298 618 1330 aut
641 1290 777 1330 studio
797 1291 983 1345 pecuuiae
998 1322 1006 1336 ‚
1032 1292 1104 1332 scd
1125 1293 1215 1346 lege
1248 1291 1439 1332 naturas?

95 1359 147 1400 At
171 1360 445 1416 recuperandi
478 1359 552 1399 tibi
576 1355 803 1400 interclusa
830 1375 923 1415 spes
943 1393 953 1408 ‚
975 1361 1090 1416 quasi
1114 1361 1440 1418 cuiquamcerta

94 1429 144 1469 sit
166 1427 379 1469 redeundi.
405 1428 456 1469 Et
479 1430 726 1484 plerumque
749 1429 872 1470 dubia
895 1431 987 1486 plus
1016 1429 1212 1486 fatigant,
1240 1430 1309 1471 ubi
1333 1430 1440 1485 peri-

94 1498 178 1539 culi
204 1507 340 1539 metus
371 1498 555 1554 integer,
583 1498 832 1554 graviusque
855 1507 917 1540 est
941 1498 1086 1540 timere
1103 1531 1112 1547 ,
1140 1514 1194 1540 ne
1216 1500 1437 1547 acciderit,

94 1583 218 1624 quam
252 1569 432 1609 tolerare
462 1569 575 1622 quod
606 1567 690 1622 jam
722 1568 886 1609 noveris
924 1568 1136 1610 accidisse.
1174 1568 1299 1610 Aliud
1328 1569 1440 1610 enim

95 1654 306 1680 summam
333 1638 566 1680 formidinis
588 1646 831 1686 coacervat,
865 1639 977 1680 aliud
1004 1638 1130 1680 finem
1154 1648 1346 1696 expectat
1371 1642 1442 1682 do-

94 1710 204 1752 loris.

152 1778 268 1822 XVI.
305 1778 374 1820 An
404 1778 582 1820 dominis
607 1780 670 1835 jus
695 1788 781 1828 est,
802 1796 883 1836 quo
907 1781 1192 1829 decreverint,
1218 1781 1441 1823 transferre

96 1849 326 1905 mancipia,
359 1850 448 1891 Deo
474 1864 555 1890 non
580 1850 672 1891 est?
701 1851 781 1892 Sed
805 1866 886 1891 non
914 1851 1097 1907 suppetit
1126 1860 1347 1908 expectare
1374 1866 1444 1892 re-

95 1927 330 1966 meantem,
370 1920 553 1976 suppetit
584 1928 723 1962 tamen
753 1921 1060 1977 praecedentem
1086 1921 1214 1977 sequi.
1252 1921 1305 1962 Et
1329 1928 1442 1963 certe

94 1988 230 2038 brevis
263 1989 358 2030 vitae
398 2004 494 2030 usus
520 2005 597 2031 nec
625 1990 681 2031 illi
710 1992 889 2031 multum
918 1991 1083 2032 videtur
1112 1991 1312 2047 eripuisse
1330 2023 1341 2039 ,
1373 1990 1444 2046 qui

95 2065 192 2099 ante
207 2059 418 2113 praecessit
443 2073 452 2100 :
478 2073 554 2101 nec
577 2068 617 2101 te
637 2060 802 2102 differre
822 2060 976 2108 diutius
993 2094 1003 2109 ,
1023 2061 1092 2116 qui
1116 2060 1378 2102 remanseris.

151 2126 288 2169 XVII.
330 2128 457 2179 Quod
483 2129 515 2170 si
544 2129 795 2171 desiderium
818 2140 935 2172 tuum
962 2127 1152 2186 mitigare
1178 2145 1260 2171 non
1285 2130 1442 2187 possis3

95 2211 235 2238 nonne
265 2206 408 2240 tamen
444 2199 616 2241 videtur
649 2200 866 2258 indignum
896 2216 972 2258 pro
1001 2201 1192 2243 desiderii
1219 2202 1279 2241 tui
1311 2201 1448 2242 studio

95 2282 236 2309 rerum
267 2268 459 2311 ordinem
484 2271 594 2312 velle
621 2272 840 2313 converti?
862 2272 1102 2319 Amantium
1127 2271 1361 2313 ardentiora
1376 2271 1453 2312 uti-

96 2351 176 2391 que
213 2337 420 2381 desideria
449 2348 573 2387 sunt,
606 2350 647 2382 et
670 2349 810 2382 tamen
849 2342 1107 2383 necessitatis
1131 2340 1321 2383 contuitu
1345 2350 1455 2383 tem-

96 2415 299 2461 perantur
324 2423 333 2449 τ
355 2417 397 2450 et
419 2409 451 2449 si
478 2412 623 2452 dolent
647 2411 804 2459 deseri,
835 2413 978 2467 lugere
1007 2419 1148 2452 tamen
1172 2426 1254 2452 non
1284 2412 1417 2451 soient
1441 2427 1450 2450 :

95 2477 283 2517 destituti
313 2492 453 2520 amare
469 2479 764 2535 impatientius
783 2483 1052 2524 erubescunt.
1078 2484 1140 2524 lta
1162 2481 1361 2538 patientia
1386 2481 1453 2521 de-

97 2544 236 2586 siderii
260 2542 352 2603 plus
377 2548 591 2603 probatur.
