1774 3158
529 240 809 271 EPISTOLAR'CM
843 244 998 272 CLASSIS
1033 246 1059 272 1.
1395 249 1471 279 221

130 322 350 364 dimidium
373 321 607 362 didrachmi
628 321 878 379 exigendum
901 323 1064 379 Moyses
1087 325 1398 383 praescripserit.
1425 329 1477 370 Et

129 393 223 434 ideo
245 401 286 434 et
310 406 384 449 pro
399 407 440 433 se
456 400 497 433 et
516 407 588 447 pro
612 392 735 434 Petro
761 401 959 448 tanquam
981 393 1166 449 singulas
1190 396 1410 439 drachmas
1433 398 1475 440 in

129 470 280 504 statere
303 462 404 504 solvi
425 461 647 503 mandavit.
676 463 819 503 Bonus
860 471 999 503 autem
1025 478 1173 505 census
1202 466 1381 516 Christi,
1404 469 1475 525 qui

127 542 278 576 statere
300 533 494 579 solvitur;
521 531 616 588 quia
652 540 802 573 statera
830 531 988 587 justitia
1011 542 1095 584 est,
1134 533 1292 589 justitia
1332 547 1471 580 antem

127 621 251 663 supra
271 605 438 661 Legem.
465 603 655 658 Denique
698 601 791 644 finis
827 602 946 659 Legis
971 603 1160 646 Christus
1194 607 1245 646 ad
1274 606 1474 659 justitiam

127 677 240 719 omni
263 674 494 718 credenti¹.
520 674 597 715 Hic
622 682 750 715 stater
771 673 811 714 in
832 688 905 714 ore
928 673 1052 730 piscis
1077 674 1286 717 invenitur
1324 693 1333 718 ε
1368 679 1475 721 illius

126 750 404 807 piscis‚quem
428 746 601 803 capiunt
619 745 1080 802 piscatoreshominum
1102 762 1110 787 :
1133 747 1392 804 illiuspiscis,
1407 751 1477 806 qui

127 821 330 878 ponderat
347 832 560 860 sermones
583 832 677 858 suos
694 848 704 864 ,
732 825 779 858 ut
807 816 902 873 igne
920 817 1180 858 examinatos
1198 818 1379 875 proferat
1399 819 1428 861 ².

183 889 298 933 XIV.
324 890 447 932 Hune
468 897 665 930 staterem
690 887 930 929 nescierunt
952 887 1108 936 Judaei,
1128 905 1251 945 quem
1272 892 1475 947 proditori

126 963 345 1005 dederunt.
372 960 456 1002 Lex
499 968 639 1001 antem
679 959 899 1000 dimidium
926 959 1158 1001 didrachmi
1176 976 1251 1018 pro
1283 963 1474 1020 redemp-

127 1034 238 1076 tione
262 1033 409 1074 animae
424 1031 549 1088 exigit
566 1063 574 1079 ‚
595 1046 720 1086 quam
745 1030 991 1072 drachmam
1022 1032 1109 1073 Deo
1134 1033 1306 1089 deputat
1328 1067 1337 1082 ,
1378 1035 1475 1090 quia

125 1112 260 1146 totuin
286 1102 581 1144 didrachmum
621 1101 833 1142 vindicare
857 1116 939 1142 non
958 1109 1136 1157 poterat.
1171 1100 1251 1144 Vix
1277 1104 1389 1144 enim
1432 1105 1472 1145 in

123 1173 270 1215 Judaeo
313 1175 378 1215 vel
433 1171 570 1228 portio
608 1171 840 1212 devotionis
878 1179 1042 1227 poterat
1081 1172 1334 1229 investigari.
1390 1173 1474 1224 Qui

127 1252 264 1285 autem
288 1257 410 1285 verus
451 1250 513 1283 est
542 1240 671 1290 liber,
708 1256 830 1282 verus
866 1241 1066 1282 Hebraeus
1087 1275 1096 1288 ‚
1130 1249 1239 1283 totus
1275 1251 1337 1284 est
1364 1243 1471 1291 Dei3

125 1323 258 1356 totum
286 1314 400 1370 quod
423 1312 569 1363 habet,
603 1311 806 1353 libertatis
834 1319 910 1352 est.
940 1310 1052 1353 Nihil
1076 1311 1203 1353 habet
1226 1312 1333 1354 illius
1358 1347 1368 1362 ,
1403 1314 1474 1369 qui

124 1385 362 1427 libertatem
409 1390 575 1425 recusat
619 1381 762 1423 dicens
787 1396 795 1422 ε
823 1398 836 1418 «
869 1381 1000 1422 Dilexi
1039 1382 1259 1423 dominum
1301 1398 1472 1432 meum,

125 1464 195 1498 »et
217 1470 389 1497 uxorem
411 1463 452 1496 et
475 1452 651 1494 infantes
673 1467 682 1492 ε
705 1466 788 1492 non
813 1451 938 1492 abibo
963 1450 1102 1494 liber³.
1124 1452 1280 1503 »Quod
1304 1468 1387 1494 non
1412 1469 1476 1494 so-

123 1527 211 1569 lum
239 1527 290 1567 ad
313 1524 553 1571 dominum,
578 1523 650 1564 sed
677 1522 802 1563 etiam
826 1523 878 1563 ad
914 1521 1005 1578 ejus
1044 1521 1223 1563 refertur
1249 1521 1473 1564 infirmita-

123 1605 231 1646 tem,
260 1596 330 1652 qui
369 1610 413 1637 se
448 1594 678 1650 subjecerit
710 1595 893 1641 mundo,
921 1593 1034 1649 quod
1071 1592 1215 1650 diligat
1242 1595 1465 1643 mundum,

123 1670 189 1711 vel
211 1678 394 1710 mentem
417 1681 533 1708 suam
552 1699 561 1715 ,
588 1665 628 1706 id
646 1673 728 1713 est,
747 1664 972 1720 voe-adiujus
992 1674 1206 1707 auctorem
1225 1667 1464 1709 voluntatis.

122 1739 210 1783 Nec
228 1741 363 1781 solum
394 1739 445 1780 ad
473 1752 647 1779 uxorem
665 1769 674 1784 ,
695 1737 767 1777 sed
801 1735 932 1777 etiam
960 1735 1009 1777 ad
1048 1737 1374 1779 delectationem
1413 1753 1474 1780 re-

124 1809 256 1851 fertur
273 1843 282 1858 ,
309 1823 400 1865 quae
425 1807 728 1855 domesticam,
754 1821 837 1848 nou
863 1806 975 1847 illam
994 1814 1194 1848 aeternam
1222 1822 1367 1848 curam
1392 1824 1475 1850 sus·

125 1881 240 1937 cipit.
269 1880 376 1921 Huic
395 1893 495 1934 ergo
517 1879 568 1919 ad
589 1878 716 1919 limen
746 1885 786 1918 et
811 1876 965 1918 ostium
1003 1893 1125 1918 suum
1149 1878 1345 1920 dominus
1375 1895 1474 1921 suus

74 1939 81 1959 Δ
126 1965 270 1993 aurem
305 1949 552 2007 pertundit3
586 1956 632 1989 ut
654 1947 897 1989 meminerit
919 1948 1123 1990 sermonis
1148 1949 1235 1998 sui,
1283 1963 1366 2005 quo
1393 1964 1477 1991 ser-

123 2023 297 2064 vitutem
322 2021 461 2077 elegit.

182 2091 274 2135 XV.
312 2091 364 2133 Et
385 2091 479 2132 ideo
500 2098 570 2139 tu,
598 2089 860 2137 Christiane,
886 2089 1011 2130 istum
1041 2105 1125 2132 non
1155 2090 1353 2140 imiteris3
1380 2091 1476 2148 quia

124 2162 200 2205 tibi
223 2162 429 2219 seriptum
449 2169 537 2209 est,
562 2176 650 2204 non
671 2169 718 2201 ut
741 2159 978 2201 didrachmi
999 2160 1220 2201 dimidium
1238 2194 1247 2208 ,
1275 2161 1307 2202 si
1335 2170 1477 2203 tamen

122 2233 184 2275 vis
206 2231 416 2291 perfectus
433 2245 544 2279 esse,
570 2234 661 2272 Deo
686 2230 835 2272 offeras
855 2245 862 2271 :
881 2231 956 2272 sed
979 2238 1024 2271 nt
1046 2230 1186 2271 omnia
1210 2239 1278 2271 tua
1307 2233 1477 2283 vendas,

124 2310 165 2345 et
207 2303 277 2343 des
314 2299 610 2358 pauperibus‘'.
634 2299 719 2342 Nec
745 2309 789 2341 ut
808 2300 1045 2357 portionem
1074 2300 1283 2341 servitutis
1319 2302 1480 2343 mundo

123 2387 310 2415 reserves
332 2387 340 2413 :
367 2373 439 2413 sed
466 2379 510 2412 ut
528 2380 660 2413 totum
678 2380 718 2413 te
738 2371 917 2428 abneges
933 2404 944 2421 ‚
964 2379 1005 2413 et
1024 2370 1192 2414 Domini
1211 2385 1381 2413 crucem
1404 2374 1479 2414 tol-

124 2444 206 2492 las,
233 2451 274 2484 et
298 2441 482 2498 sequaris
504 2456 616 2483 eum.

182 2513 295 2558 XVI.
344 2513 625 2570 Cognovimus
665 2513 806 2569 itaque
844 2512 938 2554 ideo
982 2512 1204 2555 dimidium
1237 2512 1477 2554 didrachmi

171 2616 179 2632 ¹
200 2608 293 2639 Rom.
313 2617 344 2644 x,
364 2607 396 2643 4.
412 2624 450 2629 -—
470 2616 480 2630 ¹
499 2604 569 2637 Psal
598 2616 676 2642 xvu,
693 2605 744 2638 δι.
762 2623 800 2628 -
815 2606 827 2628 ³
844 2604 946 2635 Etod.
965 2614 1028 2637 xxi,
1046 2605 1077 2635 5.
1093 2621 1133 2628 —
1154 2605 1166 2630 ⁴
1186 2603 1302 2636 Mattb.
1332 2615 1399 2644 xix,
1418 2615 1469 2636 21.
