1774 3158
531 269 813 299 El‘ls'roLARUM
848 269 1002 298 CLASSJS
1039 271 1065 298 1.
1402 259 1452 301 23
1465 272 1478 299 1

133 362 228 391 rum
267 347 434 406 copiam
474 349 722 390 recolentes.
762 348 868 391 Nam
903 350 1014 405 quod
1039 349 1284 393 Ambrosius
1314 358 1356 393 et
1393 352 1486 394 vita:

135 417 288 461 merito
306 451 317 467 ,
335 426 377 461 et
398 417 475 461 Dei
505 418 746 475 dignatione
771 419 1023 475 conspicuus
1047 420 1268 478 episcopus
1291 421 1485 464 Mediola-

132 489 326 532 nensium
349 488 526 531 civitatis
546 489 602 531 ibi
618 489 931 532 multitudinem
951 504 1033 531 non
1052 505 1156 547 opus
1173 506 1262 533 esse
1279 493 1485 549 suggerit,

133 559 207 602 ubi
229 560 378 602 veritas
413 574 498 602 non
531 560 743 602 laboraret
778 561 818 601 in
854 561 1046 617 pluribus
1062 594 1072 609 ,
1097 561 1128 602 si
1151 563 1285 604 locata
1310 571 1416 604 essct
1443 564 1484 605 in

131 629 276 686 paucis
298 645 306 671 :
326 644 454 687 seque
475 644 621 672 eorum
640 631 710 687 qui
733 637 878 672 contra
905 639 1086 673 astarent
1104 632 1399 673 assertionibus
1414 666 1424 681 ,
1445 642 1487 675 et

133 701 372 743 sacerdotes
395 701 624 743 vicinarum
650 714 700 743 ex
726 702 842 744 Italia
876 701 1092 743 civitatum
1115 702 1211 744 satis
1236 703 1486 759 abundequo

132 771 326 814 sufficere
349 787 472 829 posse
493 773 699 829 suggerit3
728 773 1024 815 abstinendum
1048 773 1352 815 venerabilium
1381 774 1486 815 viro-

130 857 226 884 rum
249 842 489 899 fatigatione
514 843 776 892 consuimus,
808 858 859 885 ne
883 843 974 899 quis
997 844 1061 884 vel
1089 851 1256 886 maturo
1283 858 1371 885 aevo
1397 860 1486 900 gra·

130 912 210 963 vis,
259 913 324 953 vel
364 912 573 969 corporali
615 913 832 955 debilitate
884 913 1123 963 consectus,
1166 916 1232 956 vel
1282 915 1483 957 laudabili

130 989 377 1040 paupertate
394 982 619 1025 mediocris
633 1016 644 1032 ‚
665 983 846 1025 insuetas
865 990 1026 1040 repetat
1047 991 1189 1026 terras.
1208 1002 1222 1022 n
1237 984 1288 1026 Et
1308 984 1479 1041 reliqua.

133 1114 397 1157 Ambrosius
421 1115 575 1157 lectam
596 1115 730 1156 Arrii
751 1115 980 1172 epistolam
1001 1116 1211 1158 damnari
1236 1131 1263 1157 a
1280 1115 1486 1158 Palladio

182 1186 294 1243 petit
310 1201 324 1227 .·
346 1184 418 1226 hic
455 1187 793 1243 tergiversatur,
819 1195 858 1226 et
884 1186 973 1226 nisi
996 1187 1043 1226 in
1064 1186 1263 1242 generali
1286 1185 1484 1228 Concilio

189 1265 322 1313 negat
342 1270 384 1297 se
407 1271 719 1313 responsurum
738 1271 751 1297 .·
778 1257 929 1298 Patres
947 1256 1222 1315 anathemate
1244 1258 1485 1314 percellunt

188 1342 276 1376 eos,
317 1326 396 1382 qui
430 1326 546 1369 Filii
575 1326 656 1367 Dei
685 1326 757 1368 vel
776 1326 1061 1368 divinitatem
1097 1327 1168 1368 vel
1190 1327 1482 1368 (eternitatem

187 1406 412 1456 negarent.
429 1396 670 1455 Effugium
690 1407 940 1453 aucupatur
963 1399 1011 1439 in
1036 1413 1082 1439 eo
1099 1398 1345 1446 Palladius,
1368 1399 1482 1453 quod

185 1484 228 1511 se
245 1469 378 1525 fitteri
401 1469 578 1510 dictitat
612 1468 839 1510 Christum
873 1483 1029 1510 verum
1054 1482 1139 1509 esse
1169 1469 1252 1510 Dei
1286 1468 1473 1510 Filium.

189 1537 302 1593 Ejus
329 1537 456 1593 fraus
487 1537 537 1577 in
567 1536 816 1593 confitendo
837 1536 1041 1578 eumdem
1069 1550 1154 1578 esse
1184 1537 1327 1579 Deum
1353 1547 1482 1592 atque

189 1607 482 1664 unigenitum.
501 1607 655 1648 Postea
686 1607 904 1648 transitur
923 1607 983 1648 acl
1015 1607 1185 1649 Christi
1215 1608 1477 1650 immortali-

188 1687 335 1731 tatem,
357 1687 485 1734 atque
507 1677 560 1718 ab
579 1692 628 1718 ea
649 1677 710 1717 ad
730 1677 1022 1734 sapientiam,
1041 1693 1068 1718 a
1089 1693 1176 1733 qua
1199 1678 1406 1720 similiter
1421 1680 1480 1720 ad

189 1748 453 1800 bonitatem;
477 1748 554 1789 ubi
577 1762 698 1789 more
719 1763 794 1790 suo
814 1748 1045 1790 Palladius
1066 1759 1252 1790 conatur
1275 1748 1473 1791 illudere.

187 1818 360 1861 Deinde
398 1828 548 1860 utrum
589 1818 672 1859 Dei
708 1818 886 1860 Filium
929 1819 1293 1874 omnipotentem,
1332 1829 1479 1861 utrum

188 1890 321 1931 etiam
332 1887 538 1945 judicem
562 1903 661 1930 eum
681 1899 912 1947 agnoscat,
940 1899 1121 1947 urgetur
1143 1905 1156 1930 .·
1184 1890 1243 1930 acl
1268 1905 1362 1946 quse
1386 1901 1481 1947 post

188 1959 379 2001 rmultam
420 1960 826 2018 tergiversationem
857 1961 987 2002 solita
1031 1961 1171 2002 utitur
1208 1961 1266 2002 act
1299 1962 1480 2015 plenum

190 2028 440 2071 Concilium
456 2031 779 2086 provocatione.
796 2031 888 2073 Sub
902 2031 991 2071 hoec
1006 2031 1158 2073 Attalo
1170 2031 1478 2080 condemnato,

187 2100 265 2155 qui
286 2100 542 2156 respondere
563 2102 698 2142 etiam
726 2102 978 2155 recusabat,
1007 2103 1238 2145 Palladius
1259 2104 1481 2145 auditores

192 2171 322 2213 laicos
340 2172 478 2227 petit,
504 2182 542 2213 et
569 2173 902 2214 condemnatur.

189 2304 238 2349 V.
276 2305 521 2349 Ambrosius
548 2307 771 2364 episcopus
794 2308 921 2350 dixit:
947 2308 1058 2350 Ecce
1083 2310 1198 2364 qnod
1224 2309 1485 2352 Christianus

133 2377 352 2420 constituit
374 2377 613 2435 imperator.
637 2378 779 2421 Noluit
795 2379 990 2435 injuriam
1008 2379 1146 2421 facere
1163 2380 1478 2428 sacerdotibus3

129 2449 239 2506 ipsos
268 2448 515 2506 interpretes
547 2449 765 2491 constituit
791 2450 1022 2507 episcopos.
1049 2449 1111 2492 Ac
1140 2459 1213 2506 per
1235 2450 1342 2499 hoc,
1372 2465 1475 2506 quo-

131 2518 245 2560 niam
263 2518 304 2560 in
325 2518 572 2560 sacerdotali
600 2518 790 2561 Concilio
813 2520 1106 2567 considemus,
1129 2521 1337 2577 responde
1366 2521 1415 2561 ad
1433 2535 1480 2561 ea

134 2603 225 2645 quae
247 2588 322 2631 tibi
339 2597 646 2646 proponuntur.
663 2589 960 2647 Arriiepistola
978 2592 1087 2633 lecta
1110 2600 1173 2633 est
1193 2605 1202 2632 :
1222 2590 1348 2633 etiam
1366 2600 1478 2632 nunc
