1774 3158
516 217 801 248 Emsromntm
833 218 991 248 cmssm
1023 222 1050 250 1.
1386 211 1408 251 3
1419 225 1433 252 1
1444 225 1470 267 9

123 311 288 354 aequum
316 304 439 354 atque
468 311 519 338 ex
539 312 621 338 usu
646 297 861 339 videretur
881 298 1079 354 publico,
1103 314 1180 357 pro
1203 299 1340 342 alieno
1361 317 1470 359 prae-

123 368 266 408 sertim
290 367 498 409 facinore:
519 367 785 408 consulentes
808 366 849 407 in
873 368 1078 417 medium,
1100 369 1205 411 tradi
1229 370 1304 411 sibi
1331 371 1469 427 desig-

126 445 318 479 natorem
346 437 449 492 tanti
482 436 626 493 flagitii
652 437 991 493 postulaverunt,
1019 446 1143 494 atque
1178 439 1232 481 ita
1258 439 1336 482 illis
1353 442 1466 496 quod

127 506 177 547 ab
195 521 244 547 eo
266 507 561 555 commissum,
585 506 772 547 futurum
796 506 884 546 sine
906 520 1011 548 noxa
1029 515 1150 549 esset.

178 576 276 618 XX.
316 576 409 628 Qua
426 576 667 632 praescripta
689 575 767 616 sibi
785 575 1026 617 conditione
1039 608 1050 624 ,
1067 577 1144 618 viri
1162 578 1343 619 detribu
1357 577 1466 620 Juda

121 645 198 687 tria
224 646 354 687 millia
385 661 434 688 ex
457 645 541 687 suis
566 653 866 702 congregantes
897 647 1176 688 ascenderunt
1200 649 1251 689 ad
1272 663 1369 688 eum
1388 682 1396 695 ,
1425 658 1467 690 ot

118 716 290 773 praesato
313 716 425 773 quod
450 724 587 757 essent
615 715 820 757 subdititii
841 715 1154 758 palaestinorum
1171 750 1181 765 ,
1206 718 1357 773 quibus
1387 718 1464 760 sibi

119 786 343 827 necessitas
365 785 589 826 obediendi
612 800 696 826 non
718 800 767 827 ex
793 785 967 826 arbitrio
982 818 992 834 ‚
1018 787 1090 827 sed
1116 801 1166 827 ex
1187 788 1361 843 periculi
1381 787 1466 828 sor-

117 855 274 896 midine
301 863 513 903 maneret3
535 855 632 896 sacti
661 855 724 896 sui
753 855 950 896 invidiam
983 858 1287 912 retorquebant
1307 856 1347 898 in
1369 873 1462 906 eos,

118 924 188 980 qui
225 924 290 980 jus
327 925 504 981 cogendi
541 925 766 966 habebant.
794 925 902 966 Tum
934 925 1001 966 ille
1032 940 1041 966 :
1073 926 1124 967 Et
1161 941 1276 982 quae‚
1302 926 1461 982 inquit,

114 992 284 1048 justitiae
319 994 451 1035 forma
492 1002 574 1041 est,
598 1009 727 1051 genus
764 994 1143 1035 Abrahamidarum
1160 1027 1170 1042 ,
1207 1004 1252 1037 ut
1286 996 1466 1036 circum-

115 1064 278 1119 scriptae
301 1064 437 1120 primo
464 1063 678 1121 conjugis,
703 1064 854 1105 deinde
879 1065 1070 1105 abductae
1096 1065 1328 1121 perniciosa
1358 1066 1462 1108 mihi

114 1135 296 1176 vindicta
320 1135 396 1182 sit,
430 1143 471 1176 et
502 1135 589 1176 sinc
614 1135 802 1192 periculo
836 1135 1109 1177 domesticam
1145 1135 1340 1191 iujuriam
1377 1151 1462 1178 non

113 1204 280 1246 licuerit
315 1203 491 1245 ulcisci?
519 1205 781 1246 Tantum-ne
812 1204 1018 1246 inclinatis
1059 1205 1217 1246 animos
1259 1207 1310 1246 ad
1343 1213 1464 1263 turpe

113 1275 379 1316 vernularum
399 1275 670 1330 obsequium;
695 1283 740 1316 ut
766 1283 1012 1316 executores
1030 1290 1100 1316 vos
1117 1276 1258 1316 alienae
1280 1277 1463 1332 praebea-

115 1342 164 1384 tis
193 1343 444 1391 insolentias,
473 1353 596 1399 atque
628 1344 670 1384 in
700 1345 975 1400 vosmetipsos
1003 1344 1170 1385 vertatis
1213 1345 1391 1386 manus?
1419 1345 1462 1387 Si

112 1413 375 1468 pereundum
397 1420 485 1459 est,
509 1412 605 1468 quia
639 1413 827 1453 dolorem
857 1413 984 1453 habui
1016 1413 1223 1461 liberum,
1248 1413 1365 1470 juvat
1388 1430 1461 1470 pe-

112 1481 195 1523 rire
223 1482 416 1522 manibus
446 1481 777 1522 Palaestinorum.
817 1481 993 1523 Tentata
1025 1482 1200 1531 domus,
1240 1484 1462 1524 sollicitata

111 1566 245 1592 uxor:
276 1551 308 1592 si
337 1567 420 1592 non
443 1551 562 1593 licuit
578 1550 680 1592 mihi
696 1551 832 1592 vivere
850 1551 938 1592 sine
954 1566 1103 1593 eorum
1122 1553 1267 1594 fraude
1281 1587 1291 1602 ,
1315 1555 1462 1595 saltem

110 1623 353 1665 liceatmori
373 1623 460 1664 sine
479 1638 671 1664 meorum
691 1624 862 1664 scelere.
884 1623 1023 1665 Retuli
1037 1639 1113 1680 ego
1127 1633 1340 1681 acceptam
1358 1625 1463 1680 inju-

111 1693 213 1733 riam
228 1725 238 1740 ,
262 1707 346 1733 non
370 1692 520 1733 intuli?
535 1692 613 1734 vos
637 1691 837 1733 aestimate
851 1707 902 1733 an
921 1693 1044 1749 digna
1058 1694 1300 1736 vicissitudo
1318 1695 1454 1736 suerit.

110 1764 172 1804 Illi
194 1765 245 1805 de
265 1765 416 1805 damno
443 1764 659 1804 fructuum
679 1772 916 1818 queruntur
936 1795 946 1810 ,
961 1779 1036 1820 ego
1055 1765 1106 1806 de
1127 1765 1316 1822 conjugis
1335 1767 1461 1807 amis-

111 1832 250 1874 sione:
271 1833 456 1874 conserte
469 1831 703 1888 manipnlos
718 1832 878 1880 messis,
894 1841 935 1873 et
950 1833 1105 1874 sociam
1120 1834 1241 1876 thori.
1262 1836 1460 1878 Dolorem

110 1918 251 1944 meum
273 1902 348 1959 ipsi
367 1902 615 1958 probarunt,
631 1902 751 1957 cnjus
769 1902 943 1958 injurias
962 1903 1292 1945 vindicaverunt.
1312 1905 1461 1947 Videte

110 1988 193 2029 quo
215 1988 286 2014 vos
309 1972 539 2013 ministerio
560 1973 704 2029 dignos
725 1980 887 2029 putant.
910 1972 946 2013 A
968 1973 1084 2015 vobis
1106 1990 1202 2015 eum
1221 1976 1262 2016 in
1280 1984 1460 2017 mortem

110 2043 218 2084 affici
231 2043 398 2090 volunt,
414 2057 536 2098 quem
557 2042 633 2099 ipsi
656 2043 816 2084 ultione
831 2043 1003 2098 dignum
1018 2044 1068 2085 de
1087 2044 1152 2093 iis,
1169 2045 1238 2101 qui
1252 2047 1458 2096 laeserant,

109 2113 419 2169 judicaverunt,
437 2113 559 2168 etqui
581 2113 773 2154 vindictae
786 2114 1001 2169 praebuere
1015 2114 1310 2159 ministerium.
1327 2118 1409 2161 Sed
1427 2120 1459 2161 si

111 2185 212 2225 adeo
234 2183 399 2225 subdita
423 2183 612 2240 superbis
631 2185 735 2225 colla
753 2184 910 2238 geritis,
924 2185 1073 2227 tradite
1091 2201 1158 2228 me
1174 2186 1354 2230 hostium
1374 2203 1458 2231 ma-

109 2255 248 2303 nibus,
263 2270 333 2296 vos
350 2254 479 2295 nolito
493 2254 699 2295 occidere.
723 2254 814 2296 Non
826 2263 1005 2296 mortem
1021 2255 1176 2304 abnuo,
1191 2259 1264 2299 sed
1278 2269 1460 2305 vestrum

108 2325 222 2382 fugio
242 2323 496 2380 contagium.
519 2323 676 2366 Verum
694 2324 726 2366 si
743 2324 969 2366 formidine
988 2326 1134 2368 ceditis
1158 2327 1433 2373 insolentibus
1448 2365 1459 2380 ,

110 2396 276 2453 alligate
308 2394 484 2437 vinculis
517 2409 665 2435 manus
704 2409 712 2436 :
756 2394 939 2436 inermes
974 2395 1096 2445 licet,
1134 2396 1348 2442 invenient
1379 2403 1457 2445 sibi

111 2480 225 2506 arma
248 2464 371 2507 nodis
400 2465 556 2505 solutae.
590 2463 714 2506 Certe
739 2464 972 2507 conditioni
998 2465 1203 2523 impositae
1230 2470 1326 2512 satis
1347 2471 1456 2515 sutu-

110 2549 204 2577 rum
227 2533 415 2577 arbitrati
432 2540 550 2582 sunt,
575 2532 608 2575 si
629 2532 841 2576 viventem
863 2533 906 2576 in
926 2543 1182 2591 potestatem
1207 2539 1370 2583 daretis.
