1774 3158
431 193 633 224 SERMONES
665 195 817 223 necans
850 198 980 233 norst,
1016 199 1142 226 snnuo
1177 200 1202 227 1.
1393 190 1468 239 145

131 281 279 315 utnon
299 274 482 314 avoceris
502 289 521 314 a
540 273 682 314 notitia
703 273 927 321 Genitoris,
956 291 1036 316 uon
1058 292 1078 317 a
1102 276 1342 332 cognitione
1371 280 1473 319 Uni-

130 343 257 399 geniti
283 343 545 391 distraharis,
564 359 639 384 nec
659 358 678 383 a
699 344 806 384 dono
841 346 972 385 sancti
1002 347 1184 401 Spiritus
1207 347 1475 402 professione-

131 426 211 466 que
235 413 431 460 desistas3
452 427 533 454 nou
553 413 718 453 aberres
737 428 757 453 a
780 414 1052 455 meditatione
1073 416 1292 471 prsrcrpti,
1319 432 1400 457 non
1424 419 1474 459 ab

130 496 201 537 spe
219 482 409 537 promissi
424 515 432 529 ,
453 497 535 523 non
556 498 577 522 a
592 482 675 523 fide
696 483 872 530 crediti,
894 499 976 524 non
996 499 1013 524 a
1036 485 1259 526 dilectione
1278 487 1471 541 proximi,

127 565 211 592 non
246 567 266 592 a
293 552 548 608 perfectione
579 553 796 601 mandati,
834 554 884 594 de
913 569 996 609 quo
1031 553 1193 610 Moyses
1230 565 1395 603 monet,
1428 565 1474 598 ut

127 619 244 661 cordi
266 629 410 661 nostro
433 637 597 677 semper
617 622 768 663 insidat
783 622 816 670 ¹,
843 637 1007 679 semper
1024 624 1267 680 conspectui
1292 625 1468 674 assistat,

127 689 400 732 meditatione
429 691 632 732 membris
659 692 854 733 omnibus
882 692 1141 734 vinculatum
1165 694 1353 735 sensibus
1382 710 1473 735 uos-

126 758 198 799 tris
228 773 393 814 semper
429 760 640 801 inhaereat.
672 761 734 802 De
761 761 841 802 hoc
868 761 1030 802 David:
1056 779 1069 799 α
1099 762 1336 803 Cantabiles
1370 764 1469 805 mibi

127 837 279 869 »crunt
303 844 466 884 semper
489 829 809 884 justificationes
833 840 928 877 tum,
949 831 1167 872 I)omino².
1186 851 1201 870 1>
1217 832 1266 872 Et
1285 833 1435 873 iterum
1458 848 1466 873 :

136 916 150 936 «
168 899 214 939 In
233 898 323 953 lege
346 899 514 940 Domini
534 899 609 940 suit
635 901 823 940 voluntas
846 900 959 954 ejuS,
984 909 1024 942 et
1046 901 1086 941 in
1111 902 1200 957 lege
1219 901 1308 956 ejus
1336 902 1471 943 medi-

125 969 311 1010 »tabitur
333 970 397 1009 die
421 985 466 1010 ac
490 968 656 1010 uocte³.
684 988 699 1009 »
722 970 773 1010 Et
794 969 890 1010 alibi
916 971 1119 1027 scriptum
1144 980 1229 1012 est:
1256 990 1270 1009 a
1288 972 1378 1013 Nou
1404 988 1471 1013 re-

125 1040 275 1079 »cedat
300 1039 404 1079 liber
427 1039 527 1095 legis
557 1038 681 1094 hujus
712 1040 763 1080 de
784 1054 910 1080 manu
942 1048 1038 1087 tua;
1067 1049 1109 1082 et
1135 1041 1404 1083 meditaberis
1428 1043 1469 1084 in

123 1124 202 1150 »eo
226 1109 291 1150 (lie
315 1124 360 1150 ac
384 1108 552 1150 nocte&
576 1127 590 1147 n
613 1108 815 1150 Similiter
837 1109 1063 1165 Apostolus
1096 1110 1290 1152 hortatur
1315 1120 1357 1152 et
1383 1128 1469 1153 mo-

123 1189 216 1227 net,
256 1181 308 1220 ad
346 1179 614 1221 Timotheum
647 1179 865 1220 scribens:
896 1197 910 1217 «
934 1180 1030 1221 tlaec
1064 1181 1286 1228 meditare,
1321 1181 1363 1222 in
1403 1182 1465 1223 his

122 1259 242 1292 »esto
265 1265 274 1290 :
303 1257 347 1290 ut
370 1248 586 1305 profectus
611 1257 706 1289 tuus
728 1257 926 1305 appareat
947 1250 1184 1291 omnibus⁵.
1207 1268 1222 1288 »

181 1317 247 1360 IV.
259 1318 457 1360 Voluntas
471 1318 649 1373 religiosi
664 1318 844 1358 hominis
859 1318 1098 1359 coelestibus
1112 1317 1270 1374 legibus
1283 1321 1468 1370 detenta,

123 1398 163 1432 et
181 1388 649 1444 divinaejustificationis
663 1388 1004 1430 meditationibus
1029 1389 1175 1430 diebus
1200 1405 1246 1431 ac
1273 1392 1469 1433 noctibus

123 1468 326 1516 occupata
349 1475 431 1500 non
462 1459 586 1500 habet
609 1473 788 1500 vacuum
816 1467 1003 1514 ternpus,
1030 1474 1113 1514 quo
1137 1461 1336 1500 saeculum
1361 1462 1472 1517 cogi-

122 1538 202 1579 tet,
239 1545 321 1585 quo
356 1529 661 1584 possessionem
686 1537 837 1577 curet,
879 1538 1053 1571 exornet
1093 1531 1251 1571 urbana
1287 1532 1437 1587 praedia
1455 1564 1466 1579 ‚

120 1599 403 1641 rusticationis
436 1598 697 1654 disciplinam
721 1599 904 1645 excolat,
933 1598 1121 1639 redditus
1145 1608 1364 1655 supputet,
1395 1600 1471 1640 iru-

120 1685 246 1726 pensa
280 1668 488 1710 discutiat.
528 1667 570 1708 Si
603 1668 715 1709 enim
751 1668 861 1709 istud
893 1668 1141 1724 arripuerit,
1167 1669 1269 1709 illud
1294 1669 1468 1717 deserit,

121 1741 352 1782 secundum
380 1740 494 1795 quod
514 1738 759 1779 Dominieus
783 1753 921 1779 sermo
953 1739 1145 1795 promisit
1169 1754 1178 1779 :
1211 1739 1374 1781 «Nemo
1393 1755 1469 1796 po-

121 1826 253 1852 »neus
292 1824 461 1851 manum
486 1808 524 1848 iu
542 1817 729 1849 aratrum
761 1808 869 1864 (hoe
889 1816 950 1848 est
972 1809 1129 1849 coelesti
1154 1809 1401 1864 operationi,
1428 1819 1469 1851 ct

123 1879 381 1922 »Dominicae
415 1879 550 1920 crucis
580 1877 723 1934 siguo)
761 1886 872 1918 retro
905 1877 1132 1934 respiciens
1156 1911 1165 1926 ‚
1189 1886 1307 1934 aptus
1334 1887 1395 1919 est
1426 1879 1467 1919 in

121 1970 136 1991 »
151 1965 278 2008 regno
299 1950 375 1992 Dei
390 1949 418 1990 ⁶.
449 1968 464 1988 ³)
484 1949 575 1990 Non
594 1948 702 1989 enim
729 1957 866 2005 potest
883 1957 1110 2003 utrumque
1134 1963 1331 2004 peragere
1355 1950 1469 2004 quod

120 2021 197 2062 sibi
215 2019 433 2061 inimicum
455 2027 517 2060 est
539 2017 723 2065 ratione,
751 2018 926 2059 veritate
950 2019 1184 2067 diversum,
1209 2027 1250 2059 et
1270 2021 1468 2061 :emulum

120 2092 346 2133 voluntate.
363 2090 453 2130 Hoc
473 2089 584 2129 euim
605 2088 806 2129 saeculum
831 2087 1006 2143 cogitat,
1033 2078 1135 2127 illud
1157 2088 1308 2128 coelum
1337 2103 1467 2145 exop-

120 2170 200 2209 ἱεὶς
227 2161 306 2203 hoc
329 2159 560 2201 rationibus
586 2156 810 2216 mundanis
830 2156 996 2203 insistit,
1021 2154 1124 2196 illud
1148 2156 1295 2198 divinis
1315 2158 1465 2198 oratio-

119 2232 258 2280 nibus,
285 2238 326 2272 et
339 2227 680 2270 meditationibus
692 2235 823 2268 vacat.
846 2226 1035 2281 Denique
1054 2234 1100 2266 ut
1121 2226 1230 2266 dicta
1249 2227 1374 2268 rebus
1392 2243 1465 2284 ap-

119 2303 318 2358 probem,
344 2309 385 2341 et
409 2298 611 2340 sermonis
633 2297 714 2338 mei
739 2297 1009 2337 assertionem
1041 2295 1238 2352 operibus
1270 2296 1433 2338 firmem
1452 2330 1461 2344 ,

120 2381 212 2414 utar
225 2371 427 2427 exemplo.
447 2369 489 2411 Si
506 2368 580 2410 tibi
598 2367 775 2424 gestanti
794 2367 982 2409 divinum
1003 2366 1174 2408 Librum
1196 2366 1234 2407 in
1251 2368 1459 2417 manibus,

167 2477 292 2506 1Deut.
307 2484 352 2512 vi,
369 2473 388 2504 6
411 2473 439 2503 S.
459 2490 497 2495 --
516 2479 526 2493 ²
550 2470 628 2502 Psal.
646 2481 758 2508 cxviii,
781 2469 829 2500 fil.
849 2488 884 2493 -
905 2469 1028 2508 31d.1‚
1056 2479 1084 2499 2.
1104 2486 1140 2493 ‹-
1162 2471 1175 2495 ⁴
1193 2469 1303 2500 Josu'e.
1331 2481 1351 2505 ι,
1371 2470 1400 2500 8.
1425 2487 1464 2492 -

122 2531 134 2553 ⁵
158 2541 168 2560 1
186 2529 271 2562 Tim.
292 2538 339 2567 iv,
361 2528 409 2559 15.
429 2544 468 2549 --
486 2527 499 2547 6
520 2525 596 2557 Luc.
617 2536 660 2562 lx,
681 2525 732 2568 (ia.

268 2597 344 2624 Lxl.
1304 2592 1352 2617 10
