1774 3158
651 199 989 239 aliorumnas.
1411 192 1496 249 495

143 291 375 334 ronymns,
417 277 469 319 ab
499 276 728 320 Ambrosio
764 277 893 320 etiam
929 278 996 320 bie
1030 279 1288 336 propositam
1310 282 1500 326 videmus

139 348 260 391 bisce
271 348 406 390 verbis
423 347 528 389 :Sed
540 364 687 403 ‹lucero
704 364 838 404 quare
849 358 1055 390 sanctam
1073 351 1248 408 supersi
1261 368 1392 394 emim
1411 362 1492 397 etc.

497 503 741 531 ANNOTATIO
779 487 869 545 (63)
906 503 999 546 pag.
1042 489 1137 545 137.

197 624 414 677 Quidnam
434 624 589 667 Neroni
607 632 801 666 sanctum
824 632 896 665 aut·
914 623 1120 667 intactum
1148 642 1237 668 esse
1258 629 1461 684 potuisset
1480 663 1492 680 ,

137 693 235 751 qui,
263 703 310 737 ut
331 694 558 736 Suetonius
575 709 623 736 ae
639 694 810 736 Tacitus
833 694 1043 750 produnt,
1068 690 1297 738 illustribus
1316 698 1496 742 soeminis

135 765 376 822 complebat
393 765 636 822 lupanaria3
660 763 830 820 quique,
847 764 997 805 eodem
1017 763 1350 816 Suetonioteste,
1371 784 1496 826 super

133 835 414 892 ingenuorum
441 835 682 892 pmdagogia
701 867 710 882 ‚
733 842 772 876 ct
798 843 1024 891 nuptarum
1049 838 1386 891 concubinatus,
1410 856 1495 882 ves-

135 907 290 948 talibus
312 907 438 947 etiam
459 906 539 946 vim
559 906 778 947 insert-bat.
804 905 929 956 Quod
956 921 1052 947 vcro
1071 908 1122 948 ad
1140 906 1389 965 Caligulam,
1410 925 1494 952 non

133 977 289 1018 mirum
311 977 524 1018 videbitur
547 992 568 1018 a
592 976 797 1018 nobilium
823 984 1109 1017 matronarum
1136 969 1375 1028 adusti-riis,
1397 995 1496 1022 cum

135 1063 220 1088 non
245 1048 323 1089 sibi
349 1056 603 1104 temperasse
623 1081 632 1095 ‚
656 1062 753 1088 cum
778 1061 942 1088 sorores
965 1062 1058 1088 suas
1083 1062 1229 1090 omncs
1253 1050 1414 1093 nefario
1436 1051 1494 1094 in-

135 1127 254 1160 cestu
278 1119 510 1167 vitiaverit,
534 1127 578 1159 ut
600 1126 748 1159 auctor
769 1125 826 1159 est:
854 1117 1004 1159 citatus
1029 1117 1268 1163 Suetonius.

494 1268 740 1295 ΑΝΝΟΤΑΤΙΟ
779 1252 820 1307 (6
854 1255 866 1309 )
903 1268 995 1311 pag.
1038 1246 1132 1297 1'38.

195 1373 403 1414 Comitem
431 1372 718 1415 Theodosium
750 1371 976 1413 Theodosii
1006 1372 1271 1430 imperatoris
1302 1385 1489 1434 patrem,

133 1458 230 1486 cum
249 1444 440 1486 Firmum
465 1443 553 1484 acie
577 1443 1003 1498 vict1111111d1110rten1
1027 1444 1323 1500 compulisset,
1345 1463 1494 1504 resque

132 1514 336 1559 maximas
354 1506 548 1571 gessisset
566 1513 606 1554 in
634 1512 773 1555 Africa
789 1544 799 1559 ‚
825 1511 1144 1554 Valentinianus
1167 1515 1308 1556 senior
1330 1518 1491 1558 calum-

130 1586 210 1627 niae
239 1601 358 1627 aure-s
389 1585 741 1632 accommodans,
768 1583 904 1641 gladio
924 1583 1037 1624 feriri
1060 1583 1204 1639 jussit,
1226 1595 1271 1627 ut
1294 1597 1492 1631 accurate

131 1658 331 1699 describit
359 1658 402 1699 P.
424 1656 597 1699 Orosius
622 1656 692 1697 lib.
720 1669 800 1702 vu,
825 1669 915 1709 cap.
945 1654 1012 1696 55.
1042 1655 1135 1698 Non
1159 1665 1222 1698 cst
1240 1667 1381 1700 antem
1406 1661 1489 1701 du-

129 1728 248 1770 bium
270 1730 400 1770 ullum
416 1760 426 1776 ,
451 1727 552 1784 quin
568 1726 831 1770 Theodosius
850 1724 960 1766 filius
985 1726 1124 1768 adhuc
1139 1760 1149 1775 ,
1171 1737 1217 1770 ut
1234 1728 1492 1773 Ammianus

130 1800 203 1843 lib.
227 1815 344 1847 xxlx,
369 1814 462 1855 cap.
492 1799 517 1839 6
541 1797 668 1839 refert
696 1796 924 1838 admodum
944 1794 1129 1851 juvenis,
1158 1798 1207 1839 ab
1227 1798 1407 1842 inimicis
1425 1817 1495 1858 pa-

133 1871 205 1911 tris
227 1870 459 1926 exagitatus
489 1868 616 1910 etiam
651 1867 789 1908 suerit.
834 1866 1050 1908 Credibile
1090 1883 1191 1925 ergo
1220 1879 1283 1912 cst:
1320 1886 1417 1912 eum
1451 1872 1493 1913 iu

131 1940 373 1997 Hispaniam
390 1938 626 1986 recessisse,
646 1938 872 1979 utillorum
892 1936 998 1978 odiis
1016 1938 1158 1979 locum
1181 1941 1322 1988 daret,
1343 1956 1494 1997 quem-

132 2011 360 2053 admodum
375 2009 670 2052 Tbeodorctus
687 2009 758 2050 lib.
779 2023 819 2057 v,
840 2023 930 2064 cap.
962 2008 984 2048 5
1006 2010 1374 2061 memorat.Quam
1396 2027 1493 2054 vero

130 2081 380 2139 periculosis
405 2080 665 2137 temporibus
684 2079 733 2120 ad
754 2078 920 2135 imperii
947 2078 1191 2120 societatem
1216 2082 1389 2122 allectus
1415 2082 1491 2130 sit,

131 2169 182 2195 cx
209 2153 335 2194 Οναι.
380 2153 448 2198 163
483 2151 729 2199 Themis-tii,
765 2166 816 2192 ex
848 2150 920 2190 lib.
962 2163 1004 2190 iv
1024 2148 1185 2192 Zozimi
1217 2160 1259 2193 ct
1281 2152 1371 2193 aliis
1399 2168 1495 2210 cog-

132 2239 304 2266 noscere
326 2232 401 2265 cst.

488 2358 733 2408 &mommo
769 2344 859 2401 (65)
895 2359 988 2402 pag.
1032 2344 1127 2401 176.

186 2462 277 2506 Hoc
305 2471 389 2511 cst,
427 2477 512 2505 non
541 2462 645 2504 illud
669 2463 722 2504 ad
756 2461 998 2518 negandam
1028 2461 1186 2504 Christi
1229 2461 1491 2507 divinitatem

130 2543 298 2577 vertens
315 2567 325 2584 ,
343 2535 458 2592 quod
475 2542 671 2578 naturam
682 2548 823 2576 meam
845 2534 898 2576 ab
917 2535 1068 2576 eodem
1086 2542 1328 2589 susceptam
1345 2535 1488 2580 credo.
