1774 3158
261 218 287 268 4
298 233 352 275 92
774 233 1110 263 ANNOTATIONES.

261 309 454 366 spiritum
476 309 699 358 redderet,
719 309 957 354 interfuisse
972 343 982 360 ,
1002 320 1154 369 praeter
1177 312 1455 356 Ambrosiana
1474 316 1618 364 verba,

260 386 302 418 et
323 376 487 419 Paulini
523 377 813 419 testimonium
830 411 840 426 ,
875 394 958 435 quo
993 381 1312 423 commendatos
1336 397 1356 423 a
1381 382 1619 426 Theodosio

260 445 370 487 filios
388 446 637 488 Ambrosius
658 447 699 488 in
722 447 910 490 Ecclesia
928 449 1139 505 excepisse
1161 460 1371 499 narratur,
1393 452 1467 494 niti
1492 454 1618 495 etiam

263 523 438 573 possunt
457 516 708 558 auctoritate
726 517 980 559 Theodoreti
1001 518 1073 560 lib.
1093 534 1130 566 V,
1156 534 1249 576 cap.
1278 521 1346 568 25,
1372 521 1618 564 etchronici

264 585 564 634 Alexandrini,
603 601 687 643 quo
723 585 894 628 Arcadii
927 588 978 628 ab
1009 588 1198 629 Honorio
1234 588 1438 632 discessus
1477 601 1619 647 aperte

261 654 454 697 traditur.
490 655 648 697 Contra
667 671 766 698 vero
791 656 862 712 qui
886 657 1023 698 solum
1052 657 1288 700 Honorium
1313 661 1620 702 Constantino-

262 725 350 783 poli
373 741 392 767 a
421 734 541 782 patre
577 726 761 768 accitum
785 742 875 768 esse
908 728 1197 777 contendunt,
1229 744 1305 786 pro
1337 746 1379 771 se
1415 731 1618 774 Rufinum

262 796 339 838 lib.
363 812 418 845 11,
441 811 530 854 cap.
561 798 642 848 543
664 797 988 855 Philostorgium
1002 799 1073 840 lib.
1094 815 1134 840 XI
1149 832 1160 847 ,
1182 814 1296 841 num.
1328 816 1375 849 23
1400 801 1619 846 Socratem

263 868 338 910 lib.
365 883 405 917 v,
428 883 520 924 cap.
551 871 628 915 263
652 876 693 909 et
722 866 1005 910 Claudianum
1041 871 1093 911 de
1116 885 1182 912 cxi
1209 871 1388 914 Consul.
1424 873 1620 914 Honorii

264 939 561 980 tantummodo
598 937 724 994 hujus
762 938 963 995 principis
1001 940 1226 981 adventum
1261 940 1302 982 in
1339 942 1618 985 Occidentem

265 1016 651 1049 commemorantes
666 1040 676 1056 ,
718 1007 848 1049 citare
876 1017 1077 1064 possunt3
1112 1010 1266 1064 quibus
1307 1011 1470 1052 accedit
1505 1012 1620 1067 quod

264 1077 494 1120 Arcadium
513 1077 612 1119 huic
636 1078 816 1120 orationi
835 1087 1083 1135 praesentem
1103 1094 1189 1120 non
1204 1079 1328 1121 fuisse
1349 1080 1618 1124 manifestum

264 1156 340 1190 est.
367 1148 563 1189 Attamen
590 1147 660 1204 qui
684 1147 863 1204 primam
884 1149 1129 1205 opinionem
1159 1149 1416 1198 defendunt,
1449 1166 1619 1208 respon-

266 1218 365 1258 dere
387 1217 427 1258 in
451 1227 652 1274 promptu
674 1217 833 1259 habent
854 1217 1056 1261 Rufinum
1076 1228 1117 1261 et
1139 1219 1467 1277 philostorgium
1491 1220 1618 1262 solius

263 1287 438 1329 Honorii
460 1288 719 1329 mentionem
744 1297 967 1346 propterea
985 1288 1131 1331 secisse
1147 1321 1157 1337 ‚
1186 1292 1300 1346 quod
1317 1290 1354 1332 ei
1373 1290 1618 1333 Occidentis

266 1358 490 1415 imperium
515 1367 634 1416 pater
670 1360 943 1408 attribuerat,
974 1360 1254 1402 Claudianum
1278 1377 1377 1404 vero
1400 1376 1496 1404 cum
1523 1363 1618 1404 loco

265 1428 395 1470 citato
423 1429 728 1486 panegyricum
751 1429 929 1471 Honorii
950 1430 1180 1478 scriberet,
1203 1430 1374 1473 Arcadii
1393 1433 1619 1474 adventum

265 1499 567 1540 celebrandum
585 1514 667 1540 non
691 1500 901 1556 putavisse
924 1516 934 1539 ε
960 1508 1159 1541 caeterum
1182 1500 1307 1542 verba
1326 1501 1487 1542 Paulini
1506 1516 1619 1543 com-

263 1569 484 1610 mendatos
501 1569 725 1611 Ambrosio
745 1569 850 1611 filios
869 1569 1115 1611 affirmantis
1133 1578 1274 1627 aperta
1294 1585 1383 1611 esse
1402 1587 1413 1619 ,-
1433 1571 1618 1612 imovero

264 1639 394 1696 ipsius
418 1638 638 1681 Claudiani
668 1641 880 1687 carmina,
905 1655 996 1696 quae
1014 1655 1139 1697 supra
1162 1655 1211 1682 ex
1227 1640 1300 1682 lib.
1324 1641 1374 1681 de
1394 1640 1619 1683 Laudibus

264 1711 498 1753 stiliconis
521 1709 789 1751 exhibuimus
804 1741 813 1757 ‚
837 1710 948 1751 idem
967 1711 1189 1752 ostendere
1203 1742 1213 1758 ‚
1239 1711 1313 1752 sed
1334 1719 1375 1752 et
1396 1710 1470 1753 lib.
1490 1711 1618 1754 etiam

261 1781 312 1822 de
335 1795 401 1822 cx1
422 1779 602 1821 Consul.
630 1779 838 1828 Honorii‚
863 1781 922 1822 sic
940 1794 1039 1821 eum
1054 1779 1281 1822 Theodosii
1303 1780 1440 1822 verbis
1463 1780 1617 1838 alloqui

264 1849 510 1892 Stiliconem
534 1866 543 1890 ε

386 1954 452 1996 Tu
476 1956 592 1996 curis
609 1956 787 1996 succede
811 1956 943 2005 «meis,
973 1965 1019 1996 tu
1038 1955 1232 2013 pignora
1264 1956 1378 1997 solus

383 2025 543 2068 Nostra
557 2029 670 2084 fove,
690 2029 889 2086 geminos
911 2028 1069 2070 dextra
1091 2038 1136 2068 tu
1153 2038 1325 2085 protege
1343 2029 1612 2084 fratres‚etc.

254 2137 410 2178 Verum
452 2137 640 2194 negantis
679 2137 888 2193 opinionis
919 2145 1255 2194 propugnatores
1288 2142 1496 2191 reponent
1537 2133 1616 2176 ista

261 2208 377 2249 nullo
401 2207 567 2263 negotio
591 2207 760 2249 dissolvi
781 2223 901 2264 posse
922 2225 932 2256 ;
952 2208 1271 2249 commendatos
1294 2206 1404 2247 enim
1427 2203 1618 2246 Stiliconi

264 2277 537 2320 aThcodosio
555 2277 662 2318 filios
678 2310 688 2325 ‚
709 2278 808 2320 licet
829 2293 976 2319 eorum
1002 2278 1106 2318 alter
1122 2277 1285 2318 abesset
1306 2292 1314 2317 :
1337 2277 1387 2318 ad
1406 2274 1617 2317 Ambrosii

265 2364 364 2390 vero
392 2348 684 2390 auctoritatem
707 2364 754 2390 ea
778 2349 950 2390 forsitan
983 2347 1162 2389 indicari
1193 2363 1274 2389 una
1308 2362 1405 2388 cum
1428 2346 1616 2388 Honorio

265 2419 390 2461 etiam
412 2419 574 2459 venisse
601 2433 790 2459 sororem
818 2418 1044 2460 Placidiam
1074 2432 1083 2458 :
1110 2417 1223 2473 quod
1249 2417 1301 2458 ad
1326 2415 1544 2457 Socratem
1575 2422 1618 2456 et

265 2490 497 2532 chronicon
519 2489 871 2537 Alexandrinum,
899 2489 948 2530 ab
982 2488 1040 2531 eis
1074 2488 1156 2531 boc
1184 2490 1278 2530 loco
1300 2495 1484 2529 erratum
1508 2501 1609 2528 esse.

265 2559 348 2602 Sed
366 2559 660 2604 difficultatem
678 2559 744 2602 hic
772 2560 982 2603 indicasse
1008 2558 1130 2602 nobis
1151 2556 1341 2600 sufficiat.
