<?xml version="1.0" encoding="UTF-8"?>
<!DOCTYPE html PUBLIC "-//W3C//DTD XHTML 1.0 Transitional//EN"
    "http://www.w3.org/TR/xhtml1/DTD/xhtml1-transitional.dtd">
<html xmlns="http://www.w3.org/1999/xhtml" xml:lang="en" lang="en">
 <head>
  <title>
</title>
<meta http-equiv="Content-Type" content="text/html;charset=utf-8" />
  <meta name='ocr-system' content='tesseract 3.04.00' />
  <meta name='ocr-capabilities' content='ocr_page ocr_carea ocr_par ocr_line ocrx_word'/>
</head>
<body>
  <div class='ocr_page' id='page_1' title='image "./omniaequaeextant08ambruoft_0174.png"; bbox 0 0 1774 3158; ppageno 0'>
   <div class='ocr_carea' id='block_1_1' title="bbox 319 216 1125 266">
    <p class='ocr_par' dir='ltr' id='par_1_1' title="bbox 319 216 1125 266">
     <span class='ocr_line' id='line_1_1' title="bbox 319 216 1125 266; baseline -0.002 -9"><span class='ocrx_word' id='word_1_1' title='bbox 319 216 397 266; x_wconf 69' lang='lat'>164</span> <span class='ocrx_word' id='word_1_2' title='bbox 863 228 892 254; x_wconf 80' lang='lat' dir='ltr'>s.</span> <span class='ocrx_word' id='word_1_3' title='bbox 936 228 1125 256; x_wconf 65' lang='lat' dir='ltr'>ammosa</span> 
     </span>
    </p>
   </div>
   <div class='ocr_carea' id='block_1_2' title="bbox 309 306 1690 2547">
    <p class='ocr_par' dir='ltr' id='par_1_2' title="bbox 309 306 1669 986">
     <span class='ocr_line' id='line_1_2' title="bbox 314 306 1662 363; baseline -0.003 -11"><span class='ocrx_word' id='word_1_4' title='bbox 314 310 366 352; x_wconf 88' lang='lat' dir='ltr'>de</span> <span class='ocrx_word' id='word_1_5' title='bbox 387 317 524 351; x_wconf 80' lang='lat' dir='ltr'>morte</span> <span class='ocrx_word' id='word_1_6' title='bbox 543 306 752 355; x_wconf 80' lang='lat' dir='ltr'>ascendit,</span> <span class='ocrx_word' id='word_1_7' title='bbox 776 307 891 349; x_wconf 87' lang='lat' dir='ltr'>sedet</span> <span class='ocrx_word' id='word_1_8' title='bbox 927 309 978 350; x_wconf 86' lang='lat' dir='ltr'>ad</span> <span class='ocrx_word' id='word_1_9' title='bbox 1017 310 1229 350; x_wconf 85' lang='lat' dir='ltr'>dexteram</span> <span class='ocrx_word' id='word_1_10' title='bbox 1250 307 1411 350; x_wconf 74' lang='lat' dir='ltr'>Patris?</span> <span class='ocrx_word' id='word_1_11' title='bbox 1434 306 1562 359; x_wconf 82' lang='lat' dir='ltr'>Quasi</span> <span class='ocrx_word' id='word_1_12' title='bbox 1591 306 1662 363; x_wconf 89' lang='lat' dir='ltr'>qui</span> 
     </span>
     <span class='ocr_line' id='line_1_3' title="bbox 310 375 1659 421; baseline -0.003 0"><span class='ocrx_word' id='word_1_13' title='bbox 310 378 426 421; x_wconf 82' lang='lat' dir='ltr'>Patri</span> <span class='ocrx_word' id='word_1_14' title='bbox 462 375 654 419; x_wconf 86' lang='lat' dir='ltr'>retulerit</span> <span class='ocrx_word' id='word_1_15' title='bbox 686 377 806 418; x_wconf 83' lang='lat' dir='ltr'>bonae</span> <span class='ocrx_word' id='word_1_16' title='bbox 838 377 1024 419; x_wconf 88' lang='lat' dir='ltr'>fructum</span> <span class='ocrx_word' id='word_1_17' title='bbox 1073 378 1310 419; x_wconf 81' lang='lat' dir='ltr'>voluntatis.</span> <span class='ocrx_word' id='word_1_18' title='bbox 1355 378 1447 419; x_wconf 89' lang='lat' dir='ltr'>Duo</span> <span class='ocrx_word' id='word_1_19' title='bbox 1498 377 1626 418; x_wconf 87' lang='lat' dir='ltr'>habes</span> <span class='ocrx_word' id='word_1_20' title='bbox 1650 391 1659 417; x_wconf 75' lang='grc' dir='ltr'>ε</span> 
     </span>
     <span class='ocr_line' id='line_1_4' title="bbox 323 447 1663 497; baseline -0.001 -9"><span class='ocrx_word' id='word_1_21' title='bbox 323 467 340 487; x_wconf 77' lang='grc' dir='ltr'>(ι</span> <span class='ocrx_word' id='word_1_22' title='bbox 358 448 548 490; x_wconf 81' lang='lat' dir='ltr'>Surrexit</span> <span class='ocrx_word' id='word_1_23' title='bbox 569 464 590 489; x_wconf 88' lang='lat' dir='ltr'>a</span> <span class='ocrx_word' id='word_1_24' title='bbox 610 456 746 489; x_wconf 88' lang='lat' dir='ltr'>morte</span> <span class='ocrx_word' id='word_1_25' title='bbox 761 481 774 497; x_wconf 93' lang='lat'><em>,</em></span> <span class='ocrx_word' id='word_1_26' title='bbox 798 450 915 490; x_wconf 87' lang='lat' dir='ltr'>sedet</span> <span class='ocrx_word' id='word_1_27' title='bbox 941 451 991 490; x_wconf 89' lang='lat' dir='ltr'>ad</span> <span class='ocrx_word' id='word_1_28' title='bbox 1018 450 1231 490; x_wconf 81' lang='lat' dir='ltr'>dexteram</span> <span class='ocrx_word' id='word_1_29' title='bbox 1252 449 1397 491; x_wconf 85' lang='lat' dir='ltr'>Patris.</span> <span class='ocrx_word' id='word_1_30' title='bbox 1427 467 1442 487; x_wconf 74' lang='grc' dir='ltr'>ι)</span> <span class='ocrx_word' id='word_1_31' title='bbox 1492 447 1663 490; x_wconf 88' lang='lat' dir='ltr'>Nullum</span> 
     </span>
     <span class='ocr_line' id='line_1_5' title="bbox 311 517 1660 576; baseline -0.002 -15"><span class='ocrx_word' id='word_1_32' title='bbox 311 534 410 576; x_wconf 86' lang='lat' dir='ltr'>ergo</span> <span class='ocrx_word' id='word_1_33' title='bbox 444 518 580 576; x_wconf 86' lang='lat' dir='ltr'>potuit</span> <span class='ocrx_word' id='word_1_34' title='bbox 604 518 752 560; x_wconf 82' lang='lat' dir='ltr'>afferre</span> <span class='ocrx_word' id='word_1_35' title='bbox 784 533 882 560; x_wconf 90' lang='lat' dir='ltr'>caro</span> <span class='ocrx_word' id='word_1_36' title='bbox 916 519 1142 560; x_wconf 76' lang='lat' dir='ltr'>divinitatis</span> <span class='ocrx_word' id='word_1_37' title='bbox 1172 519 1312 575; x_wconf 62' lang='lat' dir='ltr'>glorias·</span> <span class='ocrx_word' id='word_1_38' title='bbox 1348 517 1660 559; x_wconf 74' lang='lat' dir='ltr'><strong>detrimentum.</strong></span> 
     </span>
     <span class='ocr_line' id='line_1_6' title="bbox 311 587 1666 646; baseline -0.002 -15"><span class='ocrx_word' id='word_1_39' title='bbox 311 591 407 631; x_wconf 89' lang='lat' dir='ltr'>Duo</span> <span class='ocrx_word' id='word_1_40' title='bbox 431 590 561 632; x_wconf 87' lang='lat' dir='ltr'>habes</span> <span class='ocrx_word' id='word_1_41' title='bbox 581 605 589 631; x_wconf 91' lang='lat'><strong>:</strong></span> <span class='ocrx_word' id='word_1_42' title='bbox 612 590 816 646; x_wconf 80' lang='lat' dir='ltr'>autquasi</span> <span class='ocrx_word' id='word_1_43' title='bbox 840 589 1075 631; x_wconf 85' lang='lat' dir='ltr'>secundum</span> <span class='ocrx_word' id='word_1_44' title='bbox 1093 590 1411 646; x_wconf 81' lang='lat' dir='ltr'>praerogativam</span> <span class='ocrx_word' id='word_1_45' title='bbox 1441 587 1666 631; x_wconf 81' lang='lat' dir='ltr'>divinitatis</span> 
     </span>
     <span class='ocr_line' id='line_1_7' title="bbox 312 658 1668 717; baseline -0.002 -15"><span class='ocrx_word' id='word_1_46' title='bbox 312 669 356 702; x_wconf 86' lang='lat' dir='ltr'>et</span> <span class='ocrx_word' id='word_1_47' title='bbox 372 659 615 702; x_wconf 78' lang='lat' dir='ltr'>substantiae</span> <span class='ocrx_word' id='word_1_48' title='bbox 629 660 910 717; x_wconf 79' lang='lat' dir='ltr'>generationis</span> <span class='ocrx_word' id='word_1_49' title='bbox 927 675 1009 702; x_wconf 86' lang='lat' dir='ltr'>suae</span> <span class='ocrx_word' id='word_1_50' title='bbox 1021 660 1225 703; x_wconf 83' lang='lat' dir='ltr'>Dominus</span> <span class='ocrx_word' id='word_1_51' title='bbox 1243 669 1384 702; x_wconf 88' lang='lat' dir='ltr'>noster</span> <span class='ocrx_word' id='word_1_52' title='bbox 1399 659 1520 701; x_wconf 85' lang='lat' dir='ltr'>Jesus</span> <span class='ocrx_word' id='word_1_53' title='bbox 1531 658 1668 700; x_wconf 89' lang='lat' dir='ltr'>Chris-</span> 
     </span>
     <span class='ocr_line' id='line_1_8' title="bbox 310 727 1669 786; baseline -0.003 -14"><span class='ocrx_word' id='word_1_54' title='bbox 310 738 378 772; x_wconf 82' lang='lat' dir='ltr'>tus</span> <span class='ocrx_word' id='word_1_55' title='bbox 401 732 518 773; x_wconf 84' lang='lat' dir='ltr'>sedet</span> <span class='ocrx_word' id='word_1_56' title='bbox 541 731 592 772; x_wconf 85' lang='lat' dir='ltr'>ad</span> <span class='ocrx_word' id='word_1_57' title='bbox 615 732 827 773; x_wconf 84' lang='lat' dir='ltr'>dexteram</span> <span class='ocrx_word' id='word_1_58' title='bbox 845 762 854 778; x_wconf 83' lang='lat'><strong>,</strong></span> <span class='ocrx_word' id='word_1_59' title='bbox 885 746 904 771; x_wconf 86' lang='lat' dir='ltr'>a</span> <span class='ocrx_word' id='word_1_60' title='bbox 926 739 1062 772; x_wconf 85' lang='lat' dir='ltr'>morte</span> <span class='ocrx_word' id='word_1_61' title='bbox 1085 731 1265 772; x_wconf 86' lang='lat' dir='ltr'>surrexit</span> <span class='ocrx_word' id='word_1_62' title='bbox 1289 746 1298 772; x_wconf 72' lang='grc' dir='ltr'><strong><em>ε</em></strong></span> <span class='ocrx_word' id='word_1_63' title='bbox 1325 739 1396 772; x_wconf 85' lang='lat' dir='ltr'>aut</span> <span class='ocrx_word' id='word_1_64' title='bbox 1414 738 1528 772; x_wconf 86' lang='lat' dir='ltr'>certe</span> <span class='ocrx_word' id='word_1_65' title='bbox 1551 727 1669 786; x_wconf 86' lang='lat' dir='ltr'>quasi</span> 
     </span>
     <span class='ocr_line' id='line_1_9' title="bbox 313 800 1669 859; baseline -0.002 -16"><span class='ocrx_word' id='word_1_66' title='bbox 313 801 598 859; x_wconf 84' lang='lat' dir='ltr'>triumphator</span> <span class='ocrx_word' id='word_1_67' title='bbox 625 811 805 843; x_wconf 83' lang='lat' dir='ltr'>aeternus</span> <span class='ocrx_word' id='word_1_68' title='bbox 827 802 896 858; x_wconf 86' lang='lat' dir='ltr'>qui</span> <span class='ocrx_word' id='word_1_69' title='bbox 919 802 1078 843; x_wconf 87' lang='lat' dir='ltr'>bonum</span> <span class='ocrx_word' id='word_1_70' title='bbox 1104 816 1282 859; x_wconf 82' lang='lat' dir='ltr'>regnum</span> <span class='ocrx_word' id='word_1_71' title='bbox 1306 802 1394 843; x_wconf 90' lang='lat' dir='ltr'>Deo</span> <span class='ocrx_word' id='word_1_72' title='bbox 1419 800 1530 842; x_wconf 84' lang='lat' dir='ltr'>Patri</span> <span class='ocrx_word' id='word_1_73' title='bbox 1554 814 1669 842; x_wconf 90' lang='lat' dir='ltr'>com-</span> 
     </span>
     <span class='ocr_line' id='line_1_10' title="bbox 309 871 1669 930; baseline -0.003 -15"><span class='ocrx_word' id='word_1_74' title='bbox 309 873 497 930; x_wconf 84' lang='lat' dir='ltr'>paravit,</span> <span class='ocrx_word' id='word_1_75' title='bbox 523 873 842 930; x_wconf 76' lang='lat' dir='ltr'>praerogativam</span> <span class='ocrx_word' id='word_1_76' title='bbox 861 873 938 914; x_wconf 87' lang='lat' dir='ltr'>sibi</span> <span class='ocrx_word' id='word_1_77' title='bbox 955 889 1037 915; x_wconf 75' lang='lat' dir='ltr'>suae</span> <span class='ocrx_word' id='word_1_78' title='bbox 1057 872 1242 914; x_wconf 87' lang='lat' dir='ltr'>victoriae</span> <span class='ocrx_word' id='word_1_79' title='bbox 1262 872 1502 919; x_wconf 81' lang='lat' dir='ltr'>vindicavit,</span> <span class='ocrx_word' id='word_1_80' title='bbox 1522 871 1669 913; x_wconf 87' lang='lat' dir='ltr'>sedens</span> 
     </span>
     <span class='ocr_line' id='line_1_11' title="bbox 312 944 768 986; baseline -0.002 0"><span class='ocrx_word' id='word_1_81' title='bbox 312 945 366 986; x_wconf 88' lang='lat' dir='ltr'>ad</span> <span class='ocrx_word' id='word_1_82' title='bbox 380 945 601 986; x_wconf 82' lang='lat' dir='ltr'>dexteram</span> <span class='ocrx_word' id='word_1_83' title='bbox 619 944 768 985; x_wconf 87' lang='lat' dir='ltr'>Patris.</span> 
     </span>
    </p>

    <p class='ocr_par' dir='ltr' id='par_1_3' title="bbox 311 1011 1686 2123">
     <span class='ocr_line' id='line_1_12' title="bbox 373 1011 1672 1070; baseline -0.003 -14"><span class='ocrx_word' id='word_1_84' title='bbox 373 1012 445 1056; x_wconf 84' lang='lat' dir='ltr'>VI.</span> <span class='ocrx_word' id='word_1_85' title='bbox 469 1013 726 1069; x_wconf 81' lang='lat' dir='ltr'>[«Judicare</span> <span class='ocrx_word' id='word_1_86' title='bbox 738 1014 896 1070; x_wconf 81' lang='lat' dir='ltr'>vivos⁵]</span> <span class='ocrx_word' id='word_1_87' title='bbox 909 1022 950 1055; x_wconf 85' lang='lat' dir='ltr'>et</span> <span class='ocrx_word' id='word_1_88' title='bbox 968 1021 1169 1055; x_wconf 77' lang='lat' dir='ltr'>mortuos.</span> <span class='ocrx_word' id='word_1_89' title='bbox 1187 1031 1202 1051; x_wconf 73' lang='lat' dir='ltr'><strong><em>n</em></strong></span> <span class='ocrx_word' id='word_1_90' title='bbox 1216 1012 1348 1061; x_wconf 85' lang='lat' dir='ltr'>Audi,</span> <span class='ocrx_word' id='word_1_91' title='bbox 1366 1012 1509 1054; x_wconf 86' lang='lat' dir='ltr'>homo.</span> <span class='ocrx_word' id='word_1_92' title='bbox 1535 1011 1672 1054; x_wconf 83' lang='lat' dir='ltr'><strong>Debes</strong></span> 
     </span>
     <span class='ocr_line' id='line_1_13' title="bbox 311 1083 1668 1140; baseline -0.001 -16"><span class='ocrx_word' id='word_1_93' title='bbox 311 1083 483 1139; x_wconf 88' lang='lat' dir='ltr'>quidem</span> <span class='ocrx_word' id='word_1_94' title='bbox 510 1084 594 1125; x_wconf 79' lang='lat' dir='ltr'>cito</span> <span class='ocrx_word' id='word_1_95' title='bbox 616 1084 805 1125; x_wconf 89' lang='lat' dir='ltr'>credere.</span> <span class='ocrx_word' id='word_1_96' title='bbox 848 1084 971 1125; x_wconf 80' lang='lat' dir='ltr'>Fides</span> <span class='ocrx_word' id='word_1_97' title='bbox 1004 1084 1091 1140; x_wconf 84' lang='lat' dir='ltr'>ipsa</span> <span class='ocrx_word' id='word_1_98' title='bbox 1114 1084 1165 1125; x_wconf 86' lang='lat' dir='ltr'>de</span> <span class='ocrx_word' id='word_1_99' title='bbox 1200 1083 1407 1124; x_wconf 80' lang='lat' dir='ltr'>charitate</span> <span class='ocrx_word' id='word_1_100' title='bbox 1438 1090 1668 1139; x_wconf 89' lang='lat' dir='ltr'>promatur.</span> 
     </span>
     <span class='ocr_line' id='line_1_14' title="bbox 312 1151 1675 1210; baseline 0 -17"><span class='ocrx_word' id='word_1_101' title='bbox 312 1152 398 1203; x_wconf 89' lang='lat' dir='ltr'>Qui</span> <span class='ocrx_word' id='word_1_102' title='bbox 422 1161 561 1200; x_wconf 86' lang='lat' dir='ltr'>amat,</span> <span class='ocrx_word' id='word_1_103' title='bbox 581 1153 686 1194; x_wconf 90' lang='lat' dir='ltr'>nihil</span> <span class='ocrx_word' id='word_1_104' title='bbox 708 1155 908 1210; x_wconf 84' lang='lat' dir='ltr'>derogat;</span> <span class='ocrx_word' id='word_1_105' title='bbox 929 1153 1089 1194; x_wconf 87' lang='lat' dir='ltr'>amicus</span> <span class='ocrx_word' id='word_1_106' title='bbox 1107 1153 1178 1208; x_wconf 91' lang='lat' dir='ltr'>qui</span> <span class='ocrx_word' id='word_1_107' title='bbox 1203 1153 1384 1194; x_wconf 89' lang='lat' dir='ltr'>amicum</span> <span class='ocrx_word' id='word_1_108' title='bbox 1408 1160 1544 1201; x_wconf 88' lang='lat' dir='ltr'>amat,</span> <span class='ocrx_word' id='word_1_109' title='bbox 1571 1151 1675 1193; x_wconf 89' lang='lat' dir='ltr'>nihil</span> 
     </span>
     <span class='ocr_line' id='line_1_15' title="bbox 311 1223 1678 1280; baseline -0.001 -16"><span class='ocrx_word' id='word_1_110' title='bbox 311 1224 488 1280; x_wconf 84' lang='lat' dir='ltr'>derogat</span> <span class='ocrx_word' id='word_1_111' title='bbox 515 1238 524 1264; x_wconf 77' lang='grc' dir='ltr'>ε</span> <span class='ocrx_word' id='word_1_112' title='bbox 551 1223 621 1280; x_wconf 92' lang='lat' dir='ltr'>qui</span> <span class='ocrx_word' id='word_1_113' title='bbox 651 1232 763 1264; x_wconf 87' lang='lat' dir='ltr'>amat</span> <span class='ocrx_word' id='word_1_114' title='bbox 792 1223 1047 1271; x_wconf 86' lang='lat' dir='ltr'>Dominum,</span> <span class='ocrx_word' id='word_1_115' title='bbox 1086 1225 1221 1265; x_wconf 86' lang='lat' dir='ltr'>multo</span> <span class='ocrx_word' id='word_1_116' title='bbox 1260 1223 1391 1280; x_wconf 88' lang='lat' dir='ltr'>magis</span> <span class='ocrx_word' id='word_1_117' title='bbox 1432 1232 1518 1264; x_wconf 81' lang='lat' dir='ltr'>non</span> <span class='ocrx_word' id='word_1_118' title='bbox 1551 1223 1678 1264; x_wconf 86' lang='lat' dir='ltr'>debet</span> 
     </span>
     <span class='ocr_line' id='line_1_16' title="bbox 317 1292 1678 1350; baseline 0.001 -17"><span class='ocrx_word' id='word_1_119' title='bbox 317 1292 536 1350; x_wconf 83' lang='lat' dir='ltr'>derogare.</span> <span class='ocrx_word' id='word_1_120' title='bbox 569 1293 713 1345; x_wconf 84' lang='lat' dir='ltr'>Quare</span> <span class='ocrx_word' id='word_1_121' title='bbox 737 1294 832 1335; x_wconf 91' lang='lat' dir='ltr'>dico</span> <span class='ocrx_word' id='word_1_122' title='bbox 860 1310 902 1335; x_wconf 72' lang='grc' dir='ltr'>τα</span> <span class='ocrx_word' id='word_1_123' title='bbox 925 1293 1084 1335; x_wconf 72' lang='lat' dir='ltr'>Sedet?</span> <span class='ocrx_word' id='word_1_124' title='bbox 1106 1313 1120 1332; x_wconf 72' lang='lat' dir='ltr'>n</span> <span class='ocrx_word' id='word_1_125' title='bbox 1161 1294 1244 1345; x_wconf 88' lang='lat' dir='ltr'>Qui</span> <span class='ocrx_word' id='word_1_126' title='bbox 1269 1303 1402 1342; x_wconf 87' lang='lat' dir='ltr'>amat,</span> <span class='ocrx_word' id='word_1_127' title='bbox 1431 1293 1559 1335; x_wconf 87' lang='lat' dir='ltr'>habet</span> <span class='ocrx_word' id='word_1_128' title='bbox 1575 1292 1678 1350; x_wconf 89' lang='lat' dir='ltr'>quid</span> 
     </span>
     <span class='ocr_line' id='line_1_17' title="bbox 314 1364 1677 1421; baseline 0 -16"><span class='ocrx_word' id='word_1_129' title='bbox 314 1364 473 1405; x_wconf 85' lang='lat' dir='ltr'>timeat.</span> <span class='ocrx_word' id='word_1_130' title='bbox 516 1365 635 1405; x_wconf 80' lang='lat' dir='ltr'>[nde</span> <span class='ocrx_word' id='word_1_131' title='bbox 670 1382 685 1402; x_wconf 75' lang='grc' dir='ltr'>α</span> <span class='ocrx_word' id='word_1_132' title='bbox 707 1364 760 1406; x_wconf 73' lang='lat' dir='ltr'>Et</span> <span class='ocrx_word' id='word_1_133' title='bbox 782 1365 1002 1406; x_wconf 74' lang='lat' dir='ltr'>mortuos?</span> <span class='ocrx_word' id='word_1_134' title='bbox 1024 1383 1038 1402; x_wconf 87' lang='lat'>»</span> <span class='ocrx_word' id='word_1_135' title='bbox 1080 1367 1172 1421; x_wconf 89' lang='lat' dir='ltr'>Ipse</span> <span class='ocrx_word' id='word_1_136' title='bbox 1196 1366 1253 1406; x_wconf 82' lang='lat' dir='ltr'>de</span> <span class='ocrx_word' id='word_1_137' title='bbox 1272 1364 1392 1406; x_wconf 88' lang='lat' dir='ltr'>nobis</span> <span class='ocrx_word' id='word_1_138' title='bbox 1413 1364 1677 1420; x_wconf 85' lang='lat' dir='ltr'>judicaturus</span> 
     </span>
     <span class='ocr_line' id='line_1_18' title="bbox 317 1433 1671 1490; baseline 0 -15"><span class='ocrx_word' id='word_1_139' title='bbox 317 1442 391 1475; x_wconf 88' lang='lat' dir='ltr'>est.</span> <span class='ocrx_word' id='word_1_140' title='bbox 417 1433 528 1475; x_wconf 85' lang='lat' dir='ltr'>Cave</span> <span class='ocrx_word' id='word_1_141' title='bbox 546 1448 645 1490; x_wconf 86' lang='lat' dir='ltr'>ergo</span> <span class='ocrx_word' id='word_1_142' title='bbox 665 1434 888 1476; x_wconf 86' lang='lat' dir='ltr'>detrahere</span> <span class='ocrx_word' id='word_1_143' title='bbox 911 1434 947 1475; x_wconf 89' lang='lat' dir='ltr'>ei</span> <span class='ocrx_word' id='word_1_144' title='bbox 965 1467 974 1482; x_wconf 78' lang='grc'>,</span> <span class='ocrx_word' id='word_1_145' title='bbox 1009 1449 1134 1490; x_wconf 82' lang='lat' dir='ltr'>quem</span> <span class='ocrx_word' id='word_1_146' title='bbox 1156 1434 1342 1489; x_wconf 86' lang='lat' dir='ltr'>judicem</span> <span class='ocrx_word' id='word_1_147' title='bbox 1361 1434 1583 1475; x_wconf 89' lang='lat' dir='ltr'>habiturus</span> <span class='ocrx_word' id='word_1_148' title='bbox 1614 1448 1671 1475; x_wconf 80' lang='lat' dir='ltr'>eS.</span> 
     </span>
     <span class='ocr_line' id='line_1_19' title="bbox 318 1503 1679 1561; baseline 0 -17"><span class='ocrx_word' id='word_1_149' title='bbox 318 1504 462 1555; x_wconf 82' lang='lat' dir='ltr'>Quare</span> <span class='ocrx_word' id='word_1_150' title='bbox 481 1504 562 1546; x_wconf 87' lang='lat' dir='ltr'>hoe</span> <span class='ocrx_word' id='word_1_151' title='bbox 583 1504 867 1561; x_wconf 70' lang='lat' dir='ltr'>mysterium?</span> <span class='ocrx_word' id='word_1_152' title='bbox 889 1504 1105 1560; x_wconf 89' lang='lat' dir='ltr'>Numquid</span> <span class='ocrx_word' id='word_1_153' title='bbox 1130 1519 1214 1546; x_wconf 89' lang='lat' dir='ltr'>non</span> <span class='ocrx_word' id='word_1_154' title='bbox 1238 1519 1372 1545; x_wconf 86' lang='lat' dir='ltr'>unum</span> <span class='ocrx_word' id='word_1_155' title='bbox 1388 1503 1596 1560; x_wconf 87' lang='lat' dir='ltr'>judicium</span> <span class='ocrx_word' id='word_1_156' title='bbox 1616 1511 1679 1545; x_wconf 88' lang='lat' dir='ltr'>est</span> 
     </span>
     <span class='ocr_line' id='line_1_20' title="bbox 314 1573 1681 1631; baseline -0.001 -16"><span class='ocrx_word' id='word_1_157' title='bbox 314 1573 448 1616; x_wconf 82' lang='lat' dir='ltr'>Patris</span> <span class='ocrx_word' id='word_1_158' title='bbox 482 1582 524 1615; x_wconf 91' lang='lat' dir='ltr'>et</span> <span class='ocrx_word' id='word_1_159' title='bbox 557 1574 652 1615; x_wconf 86' lang='lat' dir='ltr'>Filii</span> <span class='ocrx_word' id='word_1_160' title='bbox 683 1583 725 1615; x_wconf 83' lang='lat' dir='ltr'>et</span> <span class='ocrx_word' id='word_1_161' title='bbox 757 1573 938 1631; x_wconf 86' lang='lat' dir='ltr'>Spiritus</span> <span class='ocrx_word' id='word_1_162' title='bbox 959 1573 1122 1615; x_wconf 75' lang='lat' dir='ltr'>sancti?</span> <span class='ocrx_word' id='word_1_163' title='bbox 1144 1574 1361 1630; x_wconf 85' lang='lat' dir='ltr'>Numquid</span> <span class='ocrx_word' id='word_1_164' title='bbox 1390 1588 1476 1614; x_wconf 91' lang='lat' dir='ltr'>non</span> <span class='ocrx_word' id='word_1_165' title='bbox 1496 1587 1578 1614; x_wconf 85' lang='lat' dir='ltr'>una</span> <span class='ocrx_word' id='word_1_166' title='bbox 1612 1587 1681 1613; x_wconf 89' lang='lat' dir='ltr'>vo-</span> 
     </span>
     <span class='ocr_line' id='line_1_21' title="bbox 317 1643 1681 1701; baseline -0.002 -14"><span class='ocrx_word' id='word_1_167' title='bbox 317 1645 457 1687; x_wconf 86' lang='lat' dir='ltr'>luntas</span> <span class='ocrx_word' id='word_1_168' title='bbox 479 1643 570 1686; x_wconf 76' lang='lat' dir='ltr'>est?</span> <span class='ocrx_word' id='word_1_169' title='bbox 594 1643 810 1700; x_wconf 88' lang='lat' dir='ltr'>Numquid</span> <span class='ocrx_word' id='word_1_170' title='bbox 827 1659 913 1686; x_wconf 88' lang='lat' dir='ltr'>non</span> <span class='ocrx_word' id='word_1_171' title='bbox 930 1660 1012 1686; x_wconf 88' lang='lat' dir='ltr'>una</span> <span class='ocrx_word' id='word_1_172' title='bbox 1030 1643 1258 1701; x_wconf 76' lang='lat' dir='ltr'>majestas?</span> <span class='ocrx_word' id='word_1_173' title='bbox 1276 1644 1418 1695; x_wconf 85' lang='lat' dir='ltr'>Quare</span> <span class='ocrx_word' id='word_1_174' title='bbox 1432 1644 1509 1685; x_wconf 88' lang='lat' dir='ltr'>tibi</span> <span class='ocrx_word' id='word_1_175' title='bbox 1527 1643 1681 1686; x_wconf 88' lang='lat' dir='ltr'>dicitur</span> 
     </span>
     <span class='ocr_line' id='line_1_22' title="bbox 318 1713 1681 1771; baseline 0 -16"><span class='ocrx_word' id='word_1_176' title='bbox 318 1713 433 1771; x_wconf 92' lang='lat' dir='ltr'>quod</span> <span class='ocrx_word' id='word_1_177' title='bbox 452 1714 584 1756; x_wconf 80' lang='lat' dir='ltr'>Filius</span> <span class='ocrx_word' id='word_1_178' title='bbox 607 1714 874 1770; x_wconf 81' lang='lat' dir='ltr'>judicaturus</span> <span class='ocrx_word' id='word_1_179' title='bbox 899 1723 986 1763; x_wconf 87' lang='lat' dir='ltr'>est,</span> <span class='ocrx_word' id='word_1_180' title='bbox 1018 1714 1096 1756; x_wconf 88' lang='lat' dir='ltr'>nisi</span> <span class='ocrx_word' id='word_1_181' title='bbox 1130 1724 1176 1757; x_wconf 87' lang='lat' dir='ltr'>ut</span> <span class='ocrx_word' id='word_1_182' title='bbox 1208 1715 1414 1771; x_wconf 86' lang='lat' dir='ltr'>intelligas</span> <span class='ocrx_word' id='word_1_183' title='bbox 1442 1713 1548 1756; x_wconf 88' lang='lat' dir='ltr'>nihil</span> <span class='ocrx_word' id='word_1_184' title='bbox 1574 1714 1681 1757; x_wconf 86' lang='lat' dir='ltr'>Filio</span> 
     </span>
     <span class='ocr_line' id='line_1_23' title="bbox 321 1785 1683 1842; baseline 0 -15"><span class='ocrx_word' id='word_1_185' title='bbox 321 1785 646 1842; x_wconf 72' lang='lat' dir='ltr'>derogandum?</span> <span class='ocrx_word' id='word_1_186' title='bbox 670 1785 780 1842; x_wconf 86' lang='lat' dir='ltr'>Ergo</span> <span class='ocrx_word' id='word_1_187' title='bbox 804 1786 922 1834; x_wconf 84' lang='lat' dir='ltr'>vide,</span> <span class='ocrx_word' id='word_1_188' title='bbox 951 1787 1098 1828; x_wconf 89' lang='lat' dir='ltr'>credes</span> <span class='ocrx_word' id='word_1_189' title='bbox 1121 1786 1163 1827; x_wconf 86' lang='lat' dir='ltr'>in</span> <span class='ocrx_word' id='word_1_190' title='bbox 1188 1786 1354 1828; x_wconf 83' lang='lat' dir='ltr'>Patrem</span> <span class='ocrx_word' id='word_1_191' title='bbox 1369 1819 1379 1834; x_wconf 96' lang='lat'><strong><em>,</em></strong></span> <span class='ocrx_word' id='word_1_192' title='bbox 1413 1787 1560 1828; x_wconf 89' lang='lat' dir='ltr'>credes</span> <span class='ocrx_word' id='word_1_193' title='bbox 1578 1793 1620 1827; x_wconf 86' lang='lat' dir='ltr'>et</span> <span class='ocrx_word' id='word_1_194' title='bbox 1641 1785 1683 1827; x_wconf 90' lang='lat' dir='ltr'>in</span> 
     </span>
     <span class='ocr_line' id='line_1_24' title="bbox 320 1854 1684 1913; baseline 0.001 -17"><span class='ocrx_word' id='word_1_195' title='bbox 320 1854 491 1897; x_wconf 85' lang='lat' dir='ltr'>Filium.</span> <span class='ocrx_word' id='word_1_196' title='bbox 518 1855 570 1896; x_wconf 90' lang='lat' dir='ltr'>Et</span> <span class='ocrx_word' id='word_1_197' title='bbox 593 1855 695 1912; x_wconf 90' lang='lat' dir='ltr'>quid</span> <span class='ocrx_word' id='word_1_198' title='bbox 713 1855 868 1897; x_wconf 76' lang='lat' dir='ltr'>tertio?</span> <span class='ocrx_word' id='word_1_199' title='bbox 885 1856 983 1898; x_wconf 87' lang='lat' dir='ltr'>etin</span> <span class='ocrx_word' id='word_1_200' title='bbox 1003 1856 1207 1913; x_wconf 84' lang='lat' dir='ltr'>Spiritum</span> <span class='ocrx_word' id='word_1_201' title='bbox 1232 1856 1684 1907; x_wconf 72' lang='lat' dir='ltr'>sanctum,Quaecum—</span> 
     </span>
     <span class='ocr_line' id='line_1_25' title="bbox 322 1925 1685 1983; baseline 0.002 -18"><span class='ocrx_word' id='word_1_202' title='bbox 322 1940 405 1982; x_wconf 86' lang='lat' dir='ltr'>que</span> <span class='ocrx_word' id='word_1_203' title='bbox 433 1925 614 1982; x_wconf 86' lang='lat' dir='ltr'>accipies</span> <span class='ocrx_word' id='word_1_204' title='bbox 637 1934 924 1975; x_wconf 62' lang='lat' dir='ltr'>sacramenta,</span> <span class='ocrx_word' id='word_1_205' title='bbox 945 1926 985 1968; x_wconf 90' lang='lat' dir='ltr'>in</span> <span class='ocrx_word' id='word_1_206' title='bbox 1005 1927 1086 1968; x_wconf 89' lang='lat' dir='ltr'>hac</span> <span class='ocrx_word' id='word_1_207' title='bbox 1103 1927 1307 1969; x_wconf 84' lang='lat' dir='ltr'>Trinitate</span> <span class='ocrx_word' id='word_1_208' title='bbox 1333 1926 1526 1983; x_wconf 86' lang='lat' dir='ltr'>accipies.</span> <span class='ocrx_word' id='word_1_209' title='bbox 1553 1925 1685 1968; x_wconf 84' lang='lat' dir='ltr'>Nemo</span> 
     </span>
     <span class='ocr_line' id='line_1_26' title="bbox 327 1995 1686 2055; baseline 0 -18"><span class='ocrx_word' id='word_1_210' title='bbox 327 2005 368 2038; x_wconf 82' lang='lat' dir='ltr'>te</span> <span class='ocrx_word' id='word_1_211' title='bbox 393 1998 518 2038; x_wconf 78' lang='lat' dir='ltr'>sallat.</span> <span class='ocrx_word' id='word_1_212' title='bbox 560 1996 683 2038; x_wconf 73' lang='lat' dir='ltr'>Vides</span> <span class='ocrx_word' id='word_1_213' title='bbox 711 2013 811 2054; x_wconf 88' lang='lat' dir='ltr'>ergo</span> <span class='ocrx_word' id='word_1_214' title='bbox 836 1997 961 2039; x_wconf 88' lang='lat' dir='ltr'>unius</span> <span class='ocrx_word' id='word_1_215' title='bbox 985 1997 1240 2055; x_wconf 80' lang='lat' dir='ltr'>operatIOnis</span> <span class='ocrx_word' id='word_1_216' title='bbox 1256 2030 1266 2045; x_wconf 96' lang='lat'><strong><em>,</em></strong></span> <span class='ocrx_word' id='word_1_217' title='bbox 1303 1997 1425 2038; x_wconf 86' lang='lat' dir='ltr'>unius</span> <span class='ocrx_word' id='word_1_218' title='bbox 1448 1995 1686 2038; x_wconf 84' lang='lat' dir='ltr'>sanctifica-</span> 
     </span>
     <span class='ocr_line' id='line_1_27' title="bbox 325 2066 1563 2123; baseline 0 -15"><span class='ocrx_word' id='word_1_219' title='bbox 325 2066 450 2108; x_wconf 88' lang='lat' dir='ltr'>tionis</span> <span class='ocrx_word' id='word_1_220' title='bbox 465 2099 474 2114; x_wconf 92' lang='lat'>,</span> <span class='ocrx_word' id='word_1_221' title='bbox 495 2067 620 2108; x_wconf 84' lang='lat' dir='ltr'>unius</span> <span class='ocrx_word' id='word_1_222' title='bbox 637 2067 868 2123; x_wconf 82' lang='lat' dir='ltr'>majestatis</span> <span class='ocrx_word' id='word_1_223' title='bbox 892 2083 982 2109; x_wconf 91' lang='lat' dir='ltr'>esse</span> <span class='ocrx_word' id='word_1_224' title='bbox 1000 2068 1285 2109; x_wconf 78' lang='lat' dir='ltr'>venerabilem</span> <span class='ocrx_word' id='word_1_225' title='bbox 1301 2067 1563 2110; x_wconf 81' lang='lat' dir='ltr'>Trinitatem.</span> 
     </span>
    </p>

    <p class='ocr_par' dir='ltr' id='par_1_4' title="bbox 327 2135 1690 2547">
     <span class='ocr_line' id='line_1_28' title="bbox 385 2135 1688 2194; baseline 0.002 -17"><span class='ocrx_word' id='word_1_226' title='bbox 385 2135 476 2178; x_wconf 88' lang='lat' dir='ltr'>Vll.</span> <span class='ocrx_word' id='word_1_227' title='bbox 507 2136 616 2178; x_wconf 83' lang='lat' dir='ltr'>Sane</span> <span class='ocrx_word' id='word_1_228' title='bbox 646 2137 789 2194; x_wconf 89' lang='lat' dir='ltr'>accipe</span> <span class='ocrx_word' id='word_1_229' title='bbox 813 2138 1018 2179; x_wconf 88' lang='lat' dir='ltr'>rationem</span> <span class='ocrx_word' id='word_1_230' title='bbox 1035 2139 1395 2194; x_wconf 85' lang='lat' dir='ltr'>quemadmodum</span> <span class='ocrx_word' id='word_1_231' title='bbox 1418 2137 1628 2180; x_wconf 88' lang='lat' dir='ltr'>credimus</span> <span class='ocrx_word' id='word_1_232' title='bbox 1645 2137 1688 2180; x_wconf 92' lang='lat' dir='ltr'>in</span> 
     </span>
     <span class='ocr_line' id='line_1_29' title="bbox 329 2206 1690 2256; baseline 0.001 -8"><span class='ocrx_word' id='word_1_233' title='bbox 329 2216 568 2255; x_wconf 87' lang='lat' dir='ltr'>auctorem;</span> <span class='ocrx_word' id='word_1_234' title='bbox 591 2222 644 2249; x_wconf 89' lang='lat' dir='ltr'>ne</span> <span class='ocrx_word' id='word_1_235' title='bbox 666 2206 773 2249; x_wconf 90' lang='lat' dir='ltr'>sorte</span> <span class='ocrx_word' id='word_1_236' title='bbox 791 2208 904 2250; x_wconf 89' lang='lat' dir='ltr'>dicas</span> <span class='ocrx_word' id='word_1_237' title='bbox 919 2242 927 2256; x_wconf 93' lang='lat'><strong>,</strong></span> <span class='ocrx_word' id='word_1_238' title='bbox 947 2209 1020 2250; x_wconf 90' lang='lat' dir='ltr'>sed</span> <span class='ocrx_word' id='word_1_239' title='bbox 1038 2208 1167 2250; x_wconf 85' lang='lat' dir='ltr'>habet</span> <span class='ocrx_word' id='word_1_240' title='bbox 1184 2217 1225 2250; x_wconf 86' lang='lat' dir='ltr'>ot</span> <span class='ocrx_word' id='word_1_241' title='bbox 1239 2209 1312 2249; x_wconf 83' lang='lat' dir='ltr'>«In</span> <span class='ocrx_word' id='word_1_242' title='bbox 1324 2208 1572 2256; x_wconf 85' lang='lat' dir='ltr'>Ecclesiam,</span> <span class='ocrx_word' id='word_1_243' title='bbox 1588 2226 1603 2246; x_wconf 90' lang='lat'>»</span> <span class='ocrx_word' id='word_1_244' title='bbox 1616 2209 1690 2250; x_wconf 84' lang='lat' dir='ltr'>sed</span> 
     </span>
     <span class='ocr_line' id='line_1_30' title="bbox 327 2277 1690 2335; baseline 0.001 -17"><span class='ocrx_word' id='word_1_245' title='bbox 327 2277 457 2319; x_wconf 86' lang='lat' dir='ltr'>habet</span> <span class='ocrx_word' id='word_1_246' title='bbox 488 2285 558 2318; x_wconf 75' lang='lat' dir='ltr'>et«</span> <span class='ocrx_word' id='word_1_247' title='bbox 573 2277 619 2318; x_wconf 86' lang='lat' dir='ltr'>In</span> <span class='ocrx_word' id='word_1_248' title='bbox 632 2278 924 2320; x_wconf 86' lang='lat' dir='ltr'>remissionem</span> <span class='ocrx_word' id='word_1_249' title='bbox 947 2287 1223 2335; x_wconf 82' lang='lat' dir='ltr'>peccatorum</span> <span class='ocrx_word' id='word_1_250' title='bbox 1238 2312 1248 2326; x_wconf 95' lang='lat'>,</span> <span class='ocrx_word' id='word_1_251' title='bbox 1268 2298 1282 2317; x_wconf 72' lang='lat' dir='ltr'>n</span> <span class='ocrx_word' id='word_1_252' title='bbox 1311 2279 1384 2320; x_wconf 89' lang='lat' dir='ltr'>sed</span> <span class='ocrx_word' id='word_1_253' title='bbox 1410 2278 1538 2320; x_wconf 84' lang='lat' dir='ltr'>habet</span> <span class='ocrx_word' id='word_1_254' title='bbox 1559 2285 1626 2319; x_wconf 81' lang='lat' dir='ltr'>et«</span> <span class='ocrx_word' id='word_1_255' title='bbox 1641 2278 1690 2319; x_wconf 91' lang='lat' dir='ltr'>In</span> 
     </span>
     <span class='ocr_line' id='line_1_31' title="bbox 328 2346 1690 2405; baseline 0.001 -18"><span class='ocrx_word' id='word_1_256' title='bbox 328 2346 727 2390; x_wconf 76' lang='lat' dir='ltr'>»resurrectionem.</span> <span class='ocrx_word' id='word_1_257' title='bbox 759 2348 873 2399; x_wconf 89' lang='lat' dir='ltr'>Quid</span> <span class='ocrx_word' id='word_1_258' title='bbox 894 2348 1028 2405; x_wconf 77' lang='lat' dir='ltr'>ergo?</span> <span class='ocrx_word' id='word_1_259' title='bbox 1049 2348 1127 2390; x_wconf 87' lang='lat' dir='ltr'>Par</span> <span class='ocrx_word' id='word_1_260' title='bbox 1149 2363 1272 2391; x_wconf 86' lang='lat' dir='ltr'>causa</span> <span class='ocrx_word' id='word_1_261' title='bbox 1296 2357 1368 2390; x_wconf 85' lang='lat' dir='ltr'>est.</span> <span class='ocrx_word' id='word_1_262' title='bbox 1391 2347 1460 2389; x_wconf 92' lang='lat' dir='ltr'>Sic</span> <span class='ocrx_word' id='word_1_263' title='bbox 1479 2348 1690 2390; x_wconf 90' lang='lat' dir='ltr'>credimus</span> 
     </span>
     <span class='ocr_line' id='line_1_32' title="bbox 330 2415 1690 2475; baseline 0.001 -18"><span class='ocrx_word' id='word_1_264' title='bbox 330 2417 372 2458; x_wconf 90' lang='lat' dir='ltr'>in</span> <span class='ocrx_word' id='word_1_265' title='bbox 405 2415 645 2465; x_wconf 85' lang='lat' dir='ltr'>Christum,</span> <span class='ocrx_word' id='word_1_266' title='bbox 683 2417 741 2458; x_wconf 92' lang='lat' dir='ltr'>sic</span> <span class='ocrx_word' id='word_1_267' title='bbox 776 2418 989 2460; x_wconf 87' lang='lat' dir='ltr'>credimus</span> <span class='ocrx_word' id='word_1_268' title='bbox 1026 2418 1068 2459; x_wconf 83' lang='lat' dir='ltr'>in</span> <span class='ocrx_word' id='word_1_269' title='bbox 1108 2419 1295 2467; x_wconf 86' lang='lat' dir='ltr'>Patrem,</span> <span class='ocrx_word' id='word_1_270' title='bbox 1331 2419 1690 2475; x_wconf 89' lang='lat' dir='ltr'>quemadmodum</span> 
     </span>
     <span class='ocr_line' id='line_1_33' title="bbox 332 2487 1684 2547; baseline 0 -17"><span class='ocrx_word' id='word_1_271' title='bbox 332 2487 544 2530; x_wconf 89' lang='lat' dir='ltr'>credimus</span> <span class='ocrx_word' id='word_1_272' title='bbox 564 2496 606 2530; x_wconf 85' lang='lat' dir='ltr'>et</span> <span class='ocrx_word' id='word_1_273' title='bbox 624 2488 665 2529; x_wconf 92' lang='lat' dir='ltr'>in</span> <span class='ocrx_word' id='word_1_274' title='bbox 688 2488 938 2538; x_wconf 88' lang='lat' dir='ltr'>Ecclesiam,</span> <span class='ocrx_word' id='word_1_275' title='bbox 957 2498 999 2532; x_wconf 87' lang='lat' dir='ltr'>et</span> <span class='ocrx_word' id='word_1_276' title='bbox 1016 2490 1058 2532; x_wconf 91' lang='lat' dir='ltr'>in</span> <span class='ocrx_word' id='word_1_277' title='bbox 1076 2491 1367 2534; x_wconf 88' lang='lat' dir='ltr'>remissionem</span> <span class='ocrx_word' id='word_1_278' title='bbox 1389 2497 1684 2547; x_wconf 84' lang='lat' dir='ltr'>peccatorum,</span> 
     </span>
    </p>
   </div>
   <div class='ocr_carea' id='block_1_3' title="bbox 374 2577 1183 2615">
    <p class='ocr_par' dir='ltr' id='par_1_5' title="bbox 374 2577 1183 2615">
     <span class='ocr_line' id='line_1_34' title="bbox 374 2577 1183 2615; baseline 0.006 -5"><span class='ocrx_word' id='word_1_279' title='bbox 374 2587 383 2601; x_wconf 86' lang='lat'><em>¹</em></span> <span class='ocrx_word' id='word_1_280' title='bbox 412 2577 626 2611; x_wconf 72' lang='lat' dir='ltr'>Praeterinissa</span> <span class='ocrx_word' id='word_1_281' title='bbox 642 2578 673 2611; x_wconf 85' lang='lat' dir='ltr'>in</span> <span class='ocrx_word' id='word_1_282' title='bbox 690 2579 808 2612; x_wconf 74' lang='lat' dir='ltr'>Codice</span> <span class='ocrx_word' id='word_1_283' title='bbox 827 2580 923 2613; x_wconf 73' lang='lat' dir='ltr'>vei-ba</span> <span class='ocrx_word' id='word_1_284' title='bbox 939 2580 1026 2614; x_wconf 84' lang='lat' dir='ltr'>uncis</span> <span class='ocrx_word' id='word_1_285' title='bbox 1042 2581 1183 2615; x_wconf 85' lang='lat' dir='ltr'>includo.</span> 
     </span>
    </p>
   </div>
  </div>
 </body>
</html>
