1774 3158
924 21 947 50 ‚s
1037 57 1058 65 ‘f
1078 15 1112 49 Is„
1132 36 1167 57 ἓ..
1178 42 1191 51 ⁸
1202 20 1380 57 gns>ae12t

277 243 359 284 338
540 296 542 298 -
823 256 852 283 5.
892 168 1083 284 Λιιὲε(»5(ιι

279 350 359 392 que
381 336 432 376 de
450 349 524 376 suo
550 332 701 376 affectu
719 333 873 376 habeat
894 350 1068 391 egffimen
1084 367 1093 382 ,
1113 335 1238 392 eligat
1258 350 1381 391 quem
1409 345 1621 392 sequatur.

274 405 423 462 Agitur
444 407 498 448 (le
519 405 635 447 istius
658 404 855 447 Ecclesiae
879 406 1097 448 sacerdote
1118 421 1127 447 :
1155 406 1188 448 si
1217 407 1394 449 audierit
1423 408 1539 449 illum
1559 423 1630 466 po·

276 478 397 533 pulus
415 509 424 523 ‚
442 484 484 518 et
506 475 714 534 putaverit
727 475 877 518 melius
896 476 1344 534 disputare,sequatur
1359 476 1485 519 fidem
1510 478 1624 534 ejus:

277 562 361 589 non
384 547 593 589 invidebo.

335 616 421 659 VII.
460 616 622 659 Omitto
649 617 746 675 quia
775 617 862 674 jam
907 618 996 675 ipse
1026 617 1207 674 populus
1234 616 1480 673 judicavit:
1510 626 1632 660 taceo

276 688 370 746 quia
391 703 514 737 eum,
539 703 665 745 quem
688 688 842 736 habet,
873 690 924 731 de
944 697 1062 746 patre
1087 695 1166 730 tuae
1192 689 1427 730 clementiae
1451 690 1647 746 postula-¹

199 795 207 805 ,
238 788 244 805 1
276 760 368 802 vit:
398 768 516 802 taceo
555 760 651 816 quia
675 768 793 818 pater
815 759 980 818 pietatis
1013 767 1092 801 tuae
1120 758 1305 816 quietem
1332 759 1517 802 suturam
1548 774 1636 817 spo-

276 831 425 889 pondit
442 865 451 881 ‚
473 831 506 873 si
524 832 682 873 electus
707 831 941 888 susciperet
962 830 1262 874 sacerdotium.
1284 830 1402 872 Hanc
1421 828 1548 873 fidem
1576 845 1638 873 se·
1685 830 1692 838 ”

282 913 404 947 cutus
423 918 514 946 sum
539 903 859 961 promissorum.

340 976 445 1019 VIII.
490 975 618 1026 Quod
635 975 666 1016 si
692 976 744 1017 de
763 975 1000 1031 aliquorum
1020 974 1339 1031 peregrinorum
1359 974 1640 1017 assentatione

281 1062 324 1088 se
346 1046 500 1102 jactat,
536 1045 594 1086 ibi
626 1044 677 1086 sit
705 1044 928 1102 episcopus
947 1077 956 1092 ‚
983 1044 1096 1085 unde
1120 1053 1218 1086 sunt
1240 1044 1290 1092 ii,
1311 1045 1381 1100 qui
1408 1059 1504 1086 eum
1528 1045 1641 1102 epis--

281 1127 454 1173 copatus
494 1124 644 1172 putant
676 1116 849 1157 nomine
888 1130 978 1156 esse
1010 1115 1269 1156 donandum.
1309 1113 1412 1156 Nam
1448 1129 1524 1170 ego
1562 1129 1642 1157 nec

284 1186 531 1249 episcopum
553 1185 649 1227 novi
671 1217 681 1233 ‚
702 1199 779 1226 nec
800 1186 915 1226 unde
938 1185 990 1226 sit
1012 1185 1112 1227 scio.

344 1252 535 1311 IijLstai
563 1257 666 1298 illud
688 1256 985 1298 constituimus
1001 1287 1011 1304 ,
1031 1256 1287 1312 Imperator,
1313 1256 1427 1312 quod
1448 1255 1534 1312 jam
1557 1256 1647 1314 ipse

285 1336 405 1370 tuum
431 1327 638 1384 judicium
674 1326 919 1373 declarasti3
952 1325 1039 1366 imo
1067 1327 1194 1367 etiam
1229 1325 1379 1367 dedisti
1417 1327 1556 1383 leges,
1595 1341 1648 1369 ne

289 1399 356 1442 cui
376 1408 485 1441 esset
505 1399 687 1440 liberum
712 1399 824 1440 aliud
846 1397 1065 1454 judicare?
1088 1397 1213 1449 Quod
1235 1413 1332 1439 cum
1358 1397 1649 1455 praescripsisti

291 1469 404 1516 aliis,
444 1468 730 1526 praescriptISti
763 1476 804 1510 ct
837 1467 912 1509 tibi
943 1484 951 1508 :
980 1467 1112 1524 Leges
1150 1467 1262 1508 enim
1288 1467 1517 1545 imperator
1540 1467 1654 1521 senff

291 1554 392 1595 quas
414 1539 572 1596 primus
588 1539 675 1596 ipse
699 1538 921 1580 custodiat.
944 1537 1027 1579 Vis
1016 1553 1085 1578 ne
1104 1537 1231 1595 igitur
1247 1537 1458 1595 experiar,
1479 1517 1553 1579 {st
1544 1538 1652 1580 mci-

292 1612 408 1669 piaut
432 1610 486 1658 ii,
512 1610 582 1667 qui
604 1609 768 1666 judices
792 1610 1030 1666 eliguntur,
1055 1617 1124 1650 aut
1151 1609 1348 1651 adsersus
1373 1617 1486 1651 tuam
1509 1611 1654 1652 venire
1703 1655 1714 1667 ο

295 1682 546 1725 sententiam
561 1714 572 1729 ‚
603 1689 675 1722 aut
696 1688 812 1722 certe
835 1695 1037 1721 excusare
1060 1680 1174 1735 quod
1195 1679 1372 1735 imperat
1407 1679 1458 1751 {is
1479 1688 1700 1760 mffsfeffl*
1718 1705 1774 1721 .

299 1768 419 1801 vero,
438 1761 479 1794 et
507 1760 590 1793 tam
611 1751 801 1793 districto
825 1750 1001 1808 imperio
1025 1765 1110 1791 non
1132 1749 1347 1806 potuerint
1372 1761 1373 1764 ’
1426 1751 1537 1797 viane
1550 1752 1586 1793 Pa‘

359 1823 414 1866 X.
455 1821 538 1864 Sed
571 1822 650 1863 hoc
682 1821 971 1869 contumacis,
998 1835 1082 1861 non
1106 1819 1284 1861 modesti
1313 1829 1376 1862 est
1406 1821 1654 1864 sacerdotis.

302 1894 435 1941 Ecce,
456 1893 710 1950 Imperator,
734 1892 871 1948 legem
896 1898 1010 1932 tuam
1028 1890 1113 1947 jam
1131 1905 1183 1931 ex
1205 1900 1321 1947 parte
1337 1891 1566 1934 rescindis:
1587 1893 1660 1934 sed

303 1965 465 2008 utinam
489 1979 571 2006 non
591 1978 642 2005 ex
662 1971 799 2020 parte,
821 1963 894 2003 sed
916 1962 956 2003 in
973 1961 1215 2003 universum
1233 1963 1241 2003 ἔ
1259 1963 1393 2020 legem
1416 1963 1527 2005 enim
1543 1972 1658 2006 tuam

304 2039 459 2081 nollem
493 2051 582 2078 esse
619 2051 742 2092 supra
780 2034 857 2077 Dei
890 2036 1040 2092 legem.
1077 2035 1152 2077 Dei
1187 2036 1254 2076 lex
1284 2025 1359 2075 nos
1392 2035 1537 2077 docuit
1559 2037 1662 2092 quid

307 2122 555 2165 sequamur,
584 2105 779 2147 humanae
806 2106 916 2162 leges
941 2105 1020 2147 hoc
1055 2106 1210 2147 docere
1239 2120 1322 2146 non
1361 2115 1550 2163 possunt.
1579 2108 1662 2149 Ex·-

307 2187 506 2235 torquere
534 2178 670 2218 solent
697 2175 852 2218 timidis
879 2175 1278 2225 commutationem,
1305 2174 1432 2218 fidem
1458 2177 1662 2236 inspirare

310 2264 394 2291 non
418 2255 604 2306 possunt.
1222 2288 1227 2303 x

364 2320 439 2363 XI.
479 2318 584 2370 Quis
606 2316 683 2358 erit
708 2316 833 2373 igitur
856 2316 946 2364 ille,
968 2315 1037 2372 qui
1062 2331 1159 2358 cum
1178 2318 1288 2374 legat
1310 2333 1384 2374 per
1407 2326 1468 2360 tot
1490 2306 1664 2376 provin-

309 2391 393 2434 cias
417 2405 500 2431 uno
530 2396 747 2431 momento
780 2403 869 2429 esse
912 2388 1188 2437 mandatum,
1221 2397 1265 2431 ut
1297 2389 1555 2450 quicumque
1594 2390 1667 2431 oh-

307 2461 481 2505 viaverit
503 2459 771 2517 imperatori,
795 2458 971 2500 feriatur
988 2459 1124 2517 gladio
1148 2474 1155 2500 :
1181 2460 1440 2517 quicumque
1461 2460 1535 2502 Dei
1562 2469 1666 2502 tem-

306 2535 423 2591 plum
446 2547 528 2574 non
552 2530 797 2577 tradiderit,
827 2529 1020 2587 protinus
1054 2530 1303 2573 occidatur?
1330 2531 1444 2587 quis,
1468 2531 1661 2587 iuquam,

305 2613 363 2645 ost
379 2603 448 2660 qui
470 2602 595 2660 possit
616 2602 678 2643 vel
702 2616 808 2642 unus
824 2634 832 2649 ,
851 2603 912 2643 vel
931 2600 1040 2644 iuter
1055 2617 1212 2658 paucos
1232 2601 1372 2644 dicero
1397 2602 1667 2659 imperatori:
