1774 3158
280 251 364 310 394
831 269 864 300 ε.
903 270 1097 301 Amnnosu

333 343 406 386 ΙΙΙ.
446 345 549 397 Quae
569 361 667 403 ergo
692 347 914 405 AEgyptius
937 348 1119 405 refugit,
1144 349 1364 407 AEgyptius
1388 350 1458 392 ille
1491 359 1532 392 et
1554 365 1638 392 non

276 413 425 462 homo,
455 415 544 458 haec
567 426 609 458 tu
637 421 914 474 amplectere,
940 420 1009 476 qui
1049 420 1178 461 hahes
1202 421 1474 463 humanitatis
1499 422 1637 463 scien-

274 485 386 526 tiam.
414 487 483 527 Illa
505 496 642 528 autem
659 490 843 536 declina,
858 506 946 545 qum
968 490 1023 531 illi
1044 499 1280 545 sequuntur
1298 500 1422 547 atque
1445 493 1605 547 eligunt
1624 509 1634 541 ;

277 555 473 611 quoniam
501 558 585 598 duo
610 558 686 599 sibi
712 560 786 600 ista
814 575 1047 616 congruere
1072 575 1158 602 non
1189 571 1386 617 possunt,
1414 565 1635 618 prudentia

276 634 318 666 et
350 626 602 682 insipientia.
635 629 779 686 Itaque
802 631 910 672 sicut
933 631 979 671 iis
1007 646 1098 686 quse
1125 631 1165 671 in
1194 634 1377 688 quodam
1404 648 1534 674 censu
1558 634 1639 675 irn-

277 697 509 753 prudentire
538 707 660 756 atque
692 701 1024 758 intemperantise
1049 709 1169 750 sunt,
1194 703 1360 744 abdicat
1384 719 1427 744 se
1448 706 1639 761 pruden—

279 766 354 812 tia,
376 767 544 809 abdicat
566 770 824 812 continentia
847 786 856 812 :
883 773 936 813 ita
964 787 1113 812 corum
1137 787 1256 813 exors
1282 774 1416 814 omnis
1442 773 1638 831 insipiens

277 846 340 878 est
365 847 488 894 atque
512 838 802 889 incontinens,
828 857 919 898 quse
943 843 982 883 in
1014 843 1135 884 bonis
1170 853 1294 900 atque
1327 845 1368 886 in
1396 845 1639 887 haereditate

278 907 475 964 sapientis
499 911 574 951 viri
602 919 761 953 suntet
783 913 1051 954 continentis.

337 977 405 1019 IV.
446 979 638 1035 Denique
664 989 818 1022 sanctae
847 981 927 1022 issae
959 982 1028 1023 tali
1053 981 1251 1038 conjugio
1273 982 1344 1024 Lia
1367 991 1409 1024 ct
1430 982 1637 1031 Rachel’,

280 1063 362 1088 una
385 1049 594 1091 laboriosa
612 1083 622 1098 ,
652 1052 780 1093 alu-ra
807 1051 1001 1108 aspiratio
1024 1052 1140 1093 sortis
1157 1085 1166 1099 ,
1185 1051 1440 1108 refugientes
1466 1067 1549 1093 non
1574 1067 1641 1108 ge·

280 1117 390 1158 neris
425 1120 807 1171 necessitudinem,
843 1122 915 1162 sed
954 1137 1120 1162 morum
1164 1122 1516 1179 discrepantiam;
1543 1138 1641 1163 cum

274 1186 348 1228 viri
377 1190 548 1231 exerciti
579 1190 712 1232 Jacob
750 1208 943 1233 sermone
981 1194 1141 1234 eiloetae
1174 1203 1340 1240 essent,
1366 1195 1479 1249 quod
1516 1195 1641 1235 vellet

279 1257 519 1306 discedere,
547 1268 592 1300 ut
614 1260 755 1302 Laban
784 1271 824 1303 et
857 1261 1039 1303 filiorum
1066 1262 1156 1317 ejus
1183 1263 1381 1304 invidiam
1408 1263 1641 1306 declinaret

282 1335 406 1383 atque
429 1329 632 1385 ignaviam
649 1362 659 1378 ‚
689 1333 1025 1387 responderunt:
1045 1351 1059 1371 ι
1078 1333 1291 1388 Numquid
1320 1342 1381 1374 est
1405 1335 1522 1375 nobis
1543 1350 1640 1390 por-

282 1399 370 1440 »tio
410 1409 480 1441 aut
513 1401 736 1444 hoereditas
770 1403 810 1444 in
835 1405 961 1444 domo
994 1405 1123 1460 patris
1160 1403 1325 1446 nostri?
1348 1404 1498 1447 Nonne
1532 1406 1642 1447 sicut

283 1469 456 1510 »alicnae
489 1471 747 1513 aestimamur
770 1473 840 1514 oi?
866 1473 1065 1515 Vendidit
1095 1474 1207 1515 enim
1235 1489 1309 1515 nos
1329 1506 1338 1524 ,
1364 1484 1405 1515 et
1428 1476 1642 1518 devoravit

282 1541 493 1595 »pretium
522 1551 713 1583 nostrum
729 1542 759 1585 ².
790 1543 928 1584 »Ecce
955 1543 1163 1600 primum,
1192 1545 1288 1600 quia
1320 1544 1493 1601 ignavus
1517 1553 1558 1586 ct
1582 1545 1643 1586 in-

282 1609 401 1650 vidus
423 1611 673 1653 laboriosam
692 1621 735 1655 et
758 1613 988 1669 disciplinae
1013 1622 1204 1655 tenacem
1226 1614 1378 1656 alienat
1402 1629 1422 1655 a
1441 1630 1484 1656 se
1504 1629 1551 1656 ac
1575 1614 1646 1661 des

282 1679 412 1736 sugit,
451 1697 624 1738 seseque
651 1684 769 1741 cupit
806 1698 1029 1741 separare:
1069 1684 1268 1739 quoniam
1298 1699 1367 1726 eas
1404 1685 1643 1727 oneri'esse

283 1750 417 1791 cernit
449 1750 553 1800 sibi,
579 1761 698 1808 putat:
724 1768 767 1794 se
799 1755 966 1795 lucrum
1000 1753 1171 1802 secisse,
1197 1756 1311 1811 quod
1333 1754 1530 1796 alienavit
1550 1769 1639 1802 eas,

286 1830 327 1862 et
349 1821 430 1863 hoc
461 1837 550 1864 esse
579 1839 700 1866 suum
726 1825 909 1881 pretium
936 1824 1122 1881 judicat,
1146 1841 1329 1882 eumque
1354 1826 1540 1868 fructum
1568 1840 1643 1867 vo-

284 1893 455 1949 luptatis
480 1909 578 1936 suae.

343 1963 393 2006 V.
433 1964 554 2007 Nunc
587 1966 804 2009 audiamus
829 1968 1046 2024 quemodo
1073 1982 1166 2023 quae
1195 1967 1323 2008 habet
1358 1967 1519 2016 virtus,
1557 1982 1643 2009 non

284 2034 438 2078 habeat
481 2037 668 2093 ignavia;
713 2038 829 2079 aiunt
852 2039 964 2080 enim
991 2054 1033 2080 :a
1058 2038 1217 2081 Omnes
1242 2038 1393 2079 divitiae
1421 2047 1462 2080 et
1483 2038 1610 2095 gloria
1628 2071 1639 2088 ,

285 2123 300 2143 ι)
315 2120 440 2160 quam
457 2106 551 2148 tulit
572 2106 681 2148 Deus
703 2108 808 2163 patri
827 2117 989 2157 nostro,
1005 2108 1127 2149 nobis
1144 2107 1238 2156 erit,
1259 2116 1299 2149 et
1317 2107 1410 2149 filiis
1424 2107 1633 2150 πώεα-ἰδ’.»

285 2174 556 2224 Merito‚Deo
579 2176 754 2224 arbitro,
780 2178 1026 2219 dicuntesso
1049 2177 1229 2224 sublata,
1245 2177 1340 2233 quia
1365 2178 1453 2234 ipse
1471 2186 1644 2219 estauc÷

285 2251 351 2285 tor
370 2244 596 2291 bonorum,
617 2245 738 2300 cujus
762 2247 894 2303 gratia
925 2247 1060 2303 ignavi
1076 2255 1303 2296 exuuntur3
1326 2249 1422 2304 quia
1446 2249 1644 2289 decorem

283 2314 538 2356 haereditatis
549 2315 855 2372 divinaecapere
869 2318 1048 2375 improbi
1061 2327 1186 2375 atque
1200 2317 1352 2359 infirmi
1369 2334 1452 2360 non
1465 2328 1641 2374 queunt:

283 2385 474 2426 succedit
499 2395 638 2426 autem
662 2386 871 2436 intentus,
895 2397 936 2429 et
959 2389 1152 2445 spiritum
1178 2388 1218 2430 in
1246 2404 1289 2430 se
1320 2389 1438 2431 sortis
1465 2389 1639 2431 habens.

285 2454 389 2506 Quis
414 2464 553 2497 autem
575 2455 691 2498 sortis
716 2457 794 2498 nisi
828 2459 939 2501 solus
972 2459 1108 2508 Deus,
1135 2459 1207 2516 qui
1243 2459 1385 2502 omnia
1409 2463 1577 2509 coercet
1603 2466 1646 2500 et

286 2524 424 2582 regit?

333 2623 339 2637 ¹
370 2619 452 2654 Gen.
467 2631 559 2661 xxix,
574 2624 624 2659 28.
643 2642 684 2649 —
698 2633 712 2649 ι
734 2623 786 2655 ld.
802 2633 895 2662 xxm,
919 2622 968 2663 14,
998 2624 1046 2655 15.
1066 2640 1105 2648 —-
1122 2623 1135 2647 ³
1155 2621 1243 2655 lbid.
1267 2622 1313 2654 16.
