1774 3158
245 235 330 282 524
751 249 1083 279 Annonnonns.

242 340 339 366 vero
361 326 412 367 ad
437 326 858 369 enneadecateridem
875 360 886 376 ‚
910 328 1031 385 cujus
1054 329 1313 372 mentionem
1338 330 1520 387 aliquam
1551 331 1593 373 in

245 394 410 437 Nicaena
430 396 592 451 synodo
612 395 765 438 factam
793 412 876 439 non
900 406 1022 455 negat
1046 398 1594 455 ipsemetBueherius,eam

246 479 328 504 non
360 463 413 504 ita
433 463 603 506 definite
626 467 840 510 decretam
865 484 912 510 ac
935 469 1160 511 stabilitam
1180 479 1393 527 putamus,
1409 480 1455 512 ut.
1473 472 1594 527 plana

246 532 366 575 fieret
384 533 434 574 de
457 535 711 578 celebrando
736 538 938 580 paschate
966 540 1263 581 controversia.
1294 541 1339 581 In
1362 556 1486 597 quam
1509 541 1597 596 qui-

249 605 346 646 dem
373 605 612 661 opinionem
648 622 730 649 non
753 610 888 650 solum
911 619 1079 667 propter
1095 611 1306 652 Ambrosii
1329 612 1452 653 verba
1473 627 1597 669 supra

248 674 413 717 laudata
440 677 704 726 adducimur,
732 681 1004 722 verumetiam
1028 690 1197 738 propter
1215 697 1283 723 eas
1304 681 1596 731 difficultates,

248 759 350 799 quas
381 759 476 786 cum
511 762 561 788 ex
589 747 667 789 hac
701 748 787 804 ipsa
816 751 1016 806 epistola,
1055 759 1143 792 tum
1170 766 1220 792 ex
1253 752 1432 808 Cyrillo,
1457 751 1600 793 Leone

248 814 398 870 Magno
437 824 561 871 atque
605 818 691 859 aliis
720 819 846 860 etiam
884 830 1026 876 postea
1064 821 1282 863 emersisse
1319 830 1483 863 certum
1519 829 1596 863 est.

250 883 470 926 Credimus
508 886 632 942 igitur
654 887 874 930 definitum
903 905 923 931 a
957 891 1174 939 Concilio,
1202 901 1246 933 ut
1265 892 1423 933 Pascha
1461 906 1597 932 resur·

250 953 446 995 rectionis
471 956 605 998 Graeci
632 973 678 999 ac
706 958 842 1000 Latini
868 962 1016 1002 eodem
1042 962 1107 1002 die
1136 963 1419 1009 celebrarent3
1452 961 1602 1002 deinde

252 1032 299 1065 ut
323 1027 372 1065 ad
394 1026 637 1069 Judaeorum
657 1030 936 1073 differentiam
960 1047 1008 1073 ea
1033 1033 1119 1074 dies
1142 1040 1249 1074 esset
1265 1032 1483 1074 Dominica
1507 1046 1574 1073 xiv
1590 1063 1599 1078 ,

252 1095 362 1136 lun&=
400 1096 532 1138 Martii
567 1100 721 1141 mensis
754 1102 943 1157 proxime
977 1117 1182 1159 sequens3
1219 1102 1340 1144 tertio
1375 1111 1419 1143 ut
1456 1100 1604 1143 circuli

256 1166 563 1210 decemnovalis
595 1186 689 1212 usus
723 1173 1016 1215 admitteretur
1043 1189 1052 1215 :
1081 1175 1153 1215 sed
1176 1174 1365 1229 quaedam
1391 1181 1529 1214 tamen
1553 1171 1604 1212 ad

256 1238 452 1278 eumdem
480 1254 599 1280 usum
620 1242 850 1284 necessaria
874 1258 958 1284 non
984 1244 1080 1286 satis
1098 1243 1300 1300 explicata
1320 1243 1468 1290 fuisse,
1494 1242 1606 1283 unde

258 1317 399 1361 postea
433 1318 538 1350 naue
573 1311 850 1355 difficultates.
891 1314 970 1356 Adi
1008 1314 1086 1357 hae
1123 1316 1175 1356 de
1202 1330 1245 1356 re
1293 1315 1443 1356 Franc.
1484 1312 1606 1355 Balbi

259 1383 376 1417 notas
399 1377 439 1419 iu
463 1378 571 1422 hanc
596 1382 813 1438 epistolam
837 1384 946 1426 inter
965 1386 1167 1442 opuscula
1196 1384 1283 1428 NiC.
1308 1384 1432 1426 Fabri
1457 1383 1600 1426 editas.

598 1535 841 1564 ΑΝΝΟΤΑΤΙΟ
877 1522 997 1578 (138)
1031 1538 1121 1579 pag.
1160 1524 1258 1578 369.

320 1655 381 1697 De
402 1655 618 1711 gentilium
639 1658 1055 1715 superstitionibusin
1074 1659 1209 1715 quarti
1225 1659 1304 1701 diei
1319 1656 1611 1700 observatione

263 1726 457 1767 tractavit
479 1726 724 1769 Ambrosius
748 1728 874 1771 lib1v.
903 1729 1120 1777 Hexacm,
1145 1745 1232 1787 cap.
1259 1746 1295 1785 9.
1321 1729 1446 1780 Quod
1471 1735 1611 1769 autem

265 1796 346 1837 hoc
375 1797 468 1837 loco
497 1797 598 1838 dicit
630 1799 681 1839 de
713 1799 810 1840 luna
834 1800 1003 1855 quinta,
1029 1800 1069 1841 id
1092 1800 1220 1841 dubio
1244 1799 1394 1857 procul
1426 1798 1612 1840 reseren-

266 1867 365 1908 dum
395 1877 456 1910 est
480 1868 530 1909 ad
554 1869 657 1911 illud
683 1870 795 1928 Virg.
817 1886 868 1912 ex
895 1886 909 1912 1
941 1872 1139 1914 AEueidos
1167 1886 1176 1912 ε

413 1969 518 2027 Ipsa
536 1971 626 2013 dies
644 1972 754 2014 alios
777 1973 865 2014 alio
888 1972 1008 2014 dedic
1029 1972 1185 2014 ordine
1204 1973 1310 2014 luna

414 2041 582 2084 Felices
602 2057 782 2099 operum
804 2059 817 2083 .·
839 2043 1043 2097 quintam
1064 2044 1183 2100 fuge,
1202 2052 1278 2083 ecc.

328 2148 453 2198 Quod
470 2147 660 2204 sequitur
677 2149 728 2190 de
745 2148 921 2205 posteris
939 2149 1086 2190 diebus
1106 2148 1158 2189 ita
1172 2145 1613 2204 explicatBucherius:

267 2218 436 2259 Posteri
459 2218 572 2267 dics,
603 2218 767 2274 inquit,
796 2220 874 2273 qui
895 2218 1104 2275 postridie
1127 2216 1226 2259 Kal.
1272 2215 1384 2258 Non.
1411 2216 1481 2257 vel
1513 2215 1620 2257 Idus

268 2300 416 2336 crant,
453 2289 661 2330 Romanis
701 2288 891 2346 infausti
921 2287 1210 2328 habebantur.
1249 2286 1431 2338 Gellius,
1465 2285 1538 2327 lib.
1577 2299 1615 2333 v,

269 2374 361 2414 cap.
404 2375 464 2414 17.
495 2360 619 2409 Quod
644 2358 693 2399 ad
717 2359 933 2415 [Egyptios
957 2358 1162 2414 pertinet,
1191 2371 1337 2398 corum
1362 2354 1620 2411 Augustinus

270 2444 438 2485 quoque
462 2429 501 2469 in
525 2429 711 2485 Apostoli
739 2430 860 2470 verba
881 2460 890 2475 ,
913 2444 1004 2484 qum
1022 2443 1144 2484 supra
1164 2417 1419 2468 citantur‘ab
1439 2425 1621 2465 Ambro-

272 2500 357 2546 sio,
388 2499 645 2540 mentionem
682 2498 803 2547 facit,
842 2501 914 2540 sed
946 2499 1113 2554 quinum
1148 2497 1327 2543 suerint,
1363 2509 1445 2536 non
1472 2495 1615 2551 aperit.

274 2569 454 2626 (langius
493 2570 544 2612 ud
582 2569 756 2612 verbum
786 2569 875 2611 (lies
909 2569 1039 2612 varias·
1075 2568 1362 2611 recentiorum
1396 2567 1446 2609 dc
1475 2565 1619 2609 iisdem
