1774 3158
311 233 387 276 192
853 230 885 257 5.
925 230 1115 258 ΔΜΒΙὶΟὸΙῙ

304 309 459 352 mitatis
475 341 485 357 ,
507 315 550 350 et
573 307 760 350 nutantis
782 306 955 351 affectus
973 341 983 357 ,
1006 323 1186 365 purgare
1214 308 1400 350 habitam
1424 309 1475 350 de
1498 324 1542 351 se
1563 310 1656 366 opi-

304 381 473 423 nionem
498 379 619 429 velit3
647 379 842 436 permitte
871 384 919 420 ut
944 379 1191 439 satisfecisse
1223 394 1266 421 se
1306 388 1424 436 putet
1442 413 1452 429 ‚
1486 380 1656 437 indulge

307 451 638 507 aliquantulum3
653 449 774 506 cujus
793 450 904 493 enim
924 443 1164 492 excluditur
1182 450 1431 499 satisfactio,
1457 451 1657 493 avertitur

309 521 484 563 animus.
503 521 606 564 Nam
625 521 751 563 etiam
771 521 968 563 medendi
990 520 1114 577 periti
1135 534 1231 561 cum
1247 521 1390 563 vident
1407 530 1525 563 notas
1542 522 1658 578 aegri-

307 591 474 633 tudines
507 590 594 647 (69)
616 623 625 639 ‚
656 599 702 632 ut
733 591 810 648 ipsi
834 592 1067 648 appellant,
1091 590 1345 633 medicinam
1380 590 1548 647 quidem
1571 606 1656 633 non

310 661 531 709 adhibent;
561 663 633 702 sed
660 669 799 702 tamen
836 661 1058 703 medicinae
1094 669 1258 718 tempus
1297 670 1553 718 expectant:
1579 677 1658 704 nec

308 733 506 774 deserunt
538 731 794 778 invalidum,
828 732 902 773 sed
930 731 1162 773 lenioribus
1199 732 1364 780 verbis,
1396 740 1466 774 aut
1507 733 1658 790 quibus

306 809 501 859 possunt,
519 803 688 859 palpjmt
707 801 1013 849 delinimentis3
1040 817 1091 842 ne
1116 802 1438 853 auti11teQa
1456 803 1660 859 aegritudo

310 872 601 930 desperatione
643 872 767 914 animi
807 881 1047 929 gravescat,
1089 882 1158 923 aut
1199 873 1371 914 crudior
1402 874 1659 916 medicinam

310 952 509 1000 respuat:
534 958 584 985 eo
612 945 725 999 quod
750 944 801 986 ad
833 945 1119 986 maturitatem
1153 944 1372 1000 pervenire
1401 953 1600 1000 nequeat,
1628 945 1660 986 si

312 1013 516 1070 indigeste
557 1013 742 1056 insolens
774 1029 916 1055 rerum
959 1013 1202 1070 hujusmodi
1241 1014 1430 1056 medicus
1466 1015 1662 1057 adhibeat

309 1098 471 1125 manus.
490 1083 707 1139 Siquidem
724 1091 766 1125 et
788 1098 960 1140 pomum
985 1074 1082 1126 cuin
1109 1084 1380 1126 immaturum
1403 1085 1658 1142 exagitatur,

314 1153 398 1194 cito
416 1152 589 1209 deperit.

369 1224 512 1267 XXX.
551 1223 604 1265 Et
619 1222 713 1280 quia
733 1225 784 1265 de
804 1238 902 1280 agro
921 1225 1161 1280 exemplum
1188 1225 1442 1282 sumpsimus
1457 1257 1467 1274 ‚
1481 1226 1663 1283 praecipe

313 1293 392 1335 illis
416 1293 610 1335 inviolata
629 1291 800 1335 confinii
821 1309 987 1335 servare
1003 1293 1094 1349 jura
1113 1328 1122 1343 ‚
1140 1304 1335 1351 paternos
1356 1295 1568 1337 custodire
1587 1304 1663 1337 ter-

311 1362 464 1411 minos,
479 1377 582 1419 quos
599 1362 684 1404 Lex
708 1362 886 1406 tuetur¹.
906 1362 1039 1420 Supra
1061 1363 1290 1406 fraternam
1314 1364 1561 1407 charitatem
1579 1365 1664 1406 sre-

313 1440 490 1489 quenter
519 1440 581 1474 est
613 1432 739 1474 vicini
767 1432 923 1489 gratia;
957 1434 1025 1474 ille
1061 1434 1173 1475 enim
1207 1449 1315 1490 saepe
1346 1434 1493 1491 longe,
1521 1433 1588 1476 hic
1622 1435 1663 1476 in

309 1502 503 1560 proximo
529 1511 613 1551 est,
649 1503 744 1545 vitae
773 1503 909 1545 omnis
942 1503 1085 1551 testis,
1123 1504 1451 1561 courseipsationis
1489 1505 1656 1548 arbiter.

309 1573 501 1615 Delectet
524 1587 621 1614 eum
643 1588 715 1630 per
743 1571 918 1615 finitima
942 1574 1072 1630 spatia
1095 1574 1222 1616 laxari
1243 1574 1425 1616 liberum
1448 1590 1576 1632 pecus
1591 1608 1601 1624 ,
1623 1585 1664 1617 et

310 1643 352 1686 in
378 1643 508 1685 herba
531 1644 651 1686 viridi
674 1643 911 1701 projectum
933 1659 1085 1686 secura
1102 1653 1270 1702 captare
1296 1645 1394 1688 otia.

370 1714 533 1757 XXXI.
570 1713 721 1756 Servos
751 1728 918 1770 quoque
941 1713 1147 1756 Dominus
1170 1713 1263 1770 jure
1286 1714 1442 1758 servitii
1473 1715 1663 1757 subditos

308 1784 462 1827 habeat
491 1800 566 1842 pro
598 1785 887 1834 moderamine
911 1784 1206 1833 coercitionis,
1230 1785 1348 1841 quasi
1382 1786 1663 1828 animaercon-

312 1848 459 1897 sortes.
486 1854 787 1897 Paterfamilias
814 1855 926 1896 enim
959 1854 1117 1897 dicitur
1135 1888 1143 1903 ‚
1171 1863 1217 1897 ut
1238 1856 1355 1912 quasi
1387 1855 1494 1898 filios
1519 1865 1660 1913 regan

312 1925 512 1982 quoniam
533 1934 575 1968 et
596 1925 683 1982 ipse
699 1925 774 1968 Dei
797 1940 940 1968 servus
963 1933 1052 1975 est,
1071 1934 1113 1968 et
1131 1934 1293 1983 patrem
1319 1928 1502 1984 appellat
1522 1927 1665 1985 Domi-

309 2009 411 2037 num
451 1995 569 2044 coeli,
601 1995 915 2037 moderatorem
947 2003 1203 2052 potestatum
1243 1995 1446 2038 omnium.
1476 1996 1577 2040 Vale
1616 2004 1657 2038 et

311 2079 387 2107 nos
410 2064 534 2121 dilige
548 2096 559 2113 ‚
579 2071 626 2107 ut
646 2064 772 2115 sacis3
793 2065 890 2122 quia
916 2079 992 2109 nos
1012 2073 1053 2108 te
1078 2064 1301 2122 diligimus.

358 2160 368 2181 ¹
391 2157 490 2190 Deut.
507 2166 575 2196 xix,
598 2157 649 2195 ¹4·
