1774 3158
300 232 384 273 500
803 246 1139 276 ANNOTATloNEs.

298 336 477 378 quorum
500 321 531 363 si
550 321 640 378 quis
662 337 834 365 uxorem
852 323 1082 367 dimitteret
1098 340 1198 366 suas
1217 324 1304 366 sibi
1324 340 1390 366 res
1406 324 1563 366 habere
1581 326 1648 367 vel

299 407 453 434 curare
484 392 593 434 illam
618 392 820 449 jubebat,
847 394 1055 451 simulque
1088 397 1224 437 claves
1252 396 1388 437 eidem
1417 396 1644 443 adimebat,

297 463 654 516 quemadmodum
674 478 724 504 ex
743 463 971 514 Ciceronis,
993 465 1155 522 Philip.
1181 481 1221 514 2,
1237 466 1418 507 ostendit
1435 465 1641 522 Sigonius,

297 531 372 574 lib.
401 547 431 581 1,
456 531 506 574 de
525 534 664 588 antiq.
692 533 802 576 Jure
828 535 914 577 ccv.
940 536 1087 585 Rom„
1117 551 1193 593 cap
1217 552 1259 593 9,
1287 546 1329 579 et
1353 536 1434 579 alii.

650 698 895 727 ΔΝΝοΤΑΤιο
935 685 1021 741 (79)
1060 699 1153 741 pag.
1194 699 1286 740 2⁰9·

348 817 427 859 Hic
451 818 605 860 dicitur
621 834 695 876 per
712 820 876 877 ellipsin
897 823 1047 863 omnia
1070 822 1399 872 tolerabiliores,
1419 836 1503 866 non
1523 836 1643 865 secus

294 899 340 928 ac
361 887 473 944 apud
493 887 713 931 Horatium
740 898 895 932 caetera
922 891 1059 941 loetus,
1087 900 1128 934 et
1155 892 1317 936 similia.

646 1051 889 1081 ANNOTATIO
928 1040 1015 1094 (80)
1053 1053 1142 1096 pag.
1182 1040 1278 1081 216.

350 1172 678 1214 Distrachmum
718 1174 828 1230 apud
863 1174 1062 1216 Hebraeos
1100 1174 1288 1231 pondere
1324 1174 1435 1216 idem
1473 1182 1561 1216 erat
1592 1188 1641 1215 ac

290 1242 431 1285 siclus.
467 1243 612 1300 Itaque
643 1252 690 1286 ut
725 1245 879 1302 duplex
913 1244 1040 1286 siclus
1072 1243 1163 1293 fuit,
1199 1243 1303 1286 alius
1333 1243 1532 1301 profanus
1572 1243 1643 1300 qui

288 1314 390 1356 duas
410 1314 631 1357 drachmas
654 1331 727 1357 seu
751 1317 898 1358 decem
919 1315 1064 1357 obolos
1079 1315 1348 1363 continebat3
1379 1315 1481 1356 alius
1509 1316 1645 1356 eccle-

290 1384 479 1425 siasticus
498 1385 569 1440 qni
587 1385 809 1427 drachmas
828 1393 1025 1441 quatuor,
1051 1385 1133 1426 sive
1148 1385 1293 1426 obolos
1308 1384 1479 1442 viginti:
1501 1385 1558 1426 sic
1573 1399 1645 1439 ge-

288 1454 452 1495 minum
473 1456 597 1497 etiarn
613 1455 908 1498 didrachmum
928 1457 1207 1498 amittendum
1233 1464 1314 1503 ost,
1340 1457 1511 1512 vulgare
1533 1454 1646 1510 quod

292 1524 438 1566 decem
473 1526 624 1574 obolis,
657 1534 697 1567 et
725 1542 892 1568 sacrum
927 1527 1041 1582 qnod
1071 1526 1216 1582 viginti
1252 1527 1486 1568 constabat.
1520 1526 1638 1566 Eam-

287 1595 433 1636 obrem
449 1597 562 1651 quod
580 1597 828 1639 Ambrosius
842 1597 1534 1653 didrachmidimidiampartem
1546 1630 1553 1644 ,
1566 1596 1645 1637 hoc

288 1663 435 1706 Versio
460 1664 579 1722 Vulg.
613 1666 825 1715 transfert,
854 1667 1100 1708 dimidium
1117 1667 1240 1715 siclt',·
1267 1675 1308 1707 et
1333 1668 1445 1721 qnod
1468 1666 1553 1712 ille,
1577 1666 1648 1706 vi-

287 1735 552 1793 gintc'obolis
564 1737 896 1784 didrachmam,
918 1738 998 1779 hoc
1019 1738 1166 1779 eadem
1186 1736 1306 1794 Vulg.
1321 1737 1467 1778 Siclus
1483 1736 1651 1793 viginti

290 1803 433 1846 obolos
456 1805 599 1848 habet.
624 1807 747 1848 Plura
779 1808 829 1848 de
860 1807 975 1848 hisce
997 1807 1258 1864 ponderibus
1282 1807 1450 1848 tradunt
1471 1806 1651 1848 Munste-

293 1889 381 1922 rus,
407 1874 557 1932 Fagius
575 1885 617 1918 et
634 1876 834 1919 Vatablus
853 1877 893 1918 in
914 1877 1112 1918 eumdem
1132 1878 1299 1919 locum:
1325 1876 1510 1932 itemque
1528 1874 1650 1917 Gual›

294 1944 436 2002 perius
461 1946 502 1988 in
525 1947 670 1989 Maith.
706 1963 769 2003 ¹7·

664 2112 905 2140 Axxori'rio
942 2097 1031 2151 (81)
1069 2110 1158 2154 pag.
1204 2096 1299 2136 218.

355 2238 516 2279 Gomor
537 2252 732 2279 mensura
757 2246 819 2278 est
847 2237 975 2278 trintn
1006 2235 1235 2277 chenicmn
1260 2235 1522 2284 Atticarum,
1549 2243 1654 2277 teste

301 2306 576 2363 Hieronymo.
594 2306 804 2363 <Iosephus
819 2305 969 2362 inquit,
985 2320 1075 2346 eam
1091 2305 1248 2346 habere
1262 2312 1351 2357 τρεῖς
1368 2308 1652 2358 ἦμιςυκοτὺλουςε

300 2379 439 2434 cotyla
465 2386 606 2419 autem
629 2387 670 2418 et
698 2377 865 2419 hemina
893 2377 1005 2418 idem
1024 2385 1103 2423 est,
1130 2384 1234 2417 teste
1251 2373 1427 2416 Fannio.
1459 2373 1658 2416 Continet

303 2464 403 2506 ergo
427 2449 640 2491 heminam
664 2457 704 2491 et
729 2448 819 2504 ejus
845 2447 1080 2489 dimidium.
1111 2448 1170 2489 lta
1195 2446 1400 2493 Nannius,
1427 2459 1446 2486 a
1475 2459 1558 2501 qno
1576 2445 1658 2486 Fa-

306 2520 396 2577 gius
414 2520 454 2562 in
477 2520 608 2562 Exodi
638 2522 703 2567 16,
727 2535 808 2561 non
827 2519 1051 2576 discrepat.
