<?xml version="1.0" encoding="UTF-8"?>
<!DOCTYPE html PUBLIC "-//W3C//DTD XHTML 1.0 Transitional//EN"
    "http://www.w3.org/TR/xhtml1/DTD/xhtml1-transitional.dtd">
<html xmlns="http://www.w3.org/1999/xhtml" xml:lang="en" lang="en">
 <head>
  <title>
</title>
<meta http-equiv="Content-Type" content="text/html;charset=utf-8" />
  <meta name='ocr-system' content='tesseract 3.04.00' />
  <meta name='ocr-capabilities' content='ocr_page ocr_carea ocr_par ocr_line ocrx_word'/>
</head>
<body>
  <div class='ocr_page' id='page_1' title='image "./omniaequaeextant08ambruoft_0374.png"; bbox 0 0 1774 3158; ppageno 0'>
   <div class='ocr_carea' id='block_1_1' title="bbox 274 265 1082 315">
    <p class='ocr_par' dir='ltr' id='par_1_1' title="bbox 274 265 1082 315">
     <span class='ocr_line' id='line_1_1' title="bbox 274 265 1082 315; baseline -0.002 -9"><span class='ocrx_word' id='word_1_1' title='bbox 274 265 353 315; x_wconf 66' lang='lat'>364</span> <span class='ocrx_word' id='word_1_2' title='bbox 818 279 851 306; x_wconf 91' lang='lat' dir='ltr'>s.</span> <span class='ocrx_word' id='word_1_3' title='bbox 890 279 1082 306; x_wconf 79' lang='lat' dir='ltr'>AMBROSII</span> 
     </span>
    </p>
   </div>
   <div class='ocr_carea' id='block_1_2' title="bbox 265 356 1634 2589">
    <p class='ocr_par' dir='ltr' id='par_1_2' title="bbox 265 356 1626 484">
     <span class='ocr_line' id='line_1_2' title="bbox 265 356 1626 415; baseline 0.001 -17"><span class='ocrx_word' id='word_1_4' title='bbox 265 357 387 399; x_wconf 84' lang='lat' dir='ltr'>Jesus</span> <span class='ocrx_word' id='word_1_5' title='bbox 426 356 595 403; x_wconf 77' lang='lat' dir='ltr'><strong>tribuit,</strong></span> <span class='ocrx_word' id='word_1_6' title='bbox 634 372 785 414; x_wconf 82' lang='lat' dir='ltr'>negare</span> <span class='ocrx_word' id='word_1_7' title='bbox 815 373 898 399; x_wconf 91' lang='lat' dir='ltr'>non</span> <span class='ocrx_word' id='word_1_8' title='bbox 921 372 1088 414; x_wconf 79' lang='lat' dir='ltr'>possum</span> <span class='ocrx_word' id='word_1_9' title='bbox 1117 374 1124 397; x_wconf 76' lang='grc' dir='ltr'>ε</span> <span class='ocrx_word' id='word_1_10' title='bbox 1156 366 1197 399; x_wconf 84' lang='lat' dir='ltr'>ct</span> <span class='ocrx_word' id='word_1_11' title='bbox 1228 357 1324 414; x_wconf 83' lang='lat' dir='ltr'>quia</span> <span class='ocrx_word' id='word_1_12' title='bbox 1350 358 1436 414; x_wconf 87' lang='lat' dir='ltr'>ipse</span> <span class='ocrx_word' id='word_1_13' title='bbox 1463 367 1626 415; x_wconf 78' lang='lat' dir='ltr'>martyr</span> 
     </span>
     <span class='ocr_line' id='line_1_3' title="bbox 268 428 1394 484; baseline 0 -15"><span class='ocrx_word' id='word_1_14' title='bbox 268 443 357 469; x_wconf 84' lang='lat' dir='ltr'>csse</span> <span class='ocrx_word' id='word_1_15' title='bbox 380 443 463 469; x_wconf 87' lang='lat' dir='ltr'>non</span> <span class='ocrx_word' id='word_1_16' title='bbox 489 443 678 476; x_wconf 85' lang='lat' dir='ltr'>mereor,</span> <span class='ocrx_word' id='word_1_17' title='bbox 705 428 780 470; x_wconf 91' lang='lat' dir='ltr'>hos</span> <span class='ocrx_word' id='word_1_18' title='bbox 807 428 923 470; x_wconf 89' lang='lat' dir='ltr'>vobis</span> <span class='ocrx_word' id='word_1_19' title='bbox 948 436 1152 484; x_wconf 71' lang='lat' dir='ltr'>martyres</span> <span class='ocrx_word' id='word_1_20' title='bbox 1178 428 1394 483; x_wconf 76' lang='lat' dir='ltr'>acquisivi.</span> 
     </span>
    </p>

    <p class='ocr_par' dir='ltr' id='par_1_3' title="bbox 268 498 1631 1100">
     <span class='ocr_line' id='line_1_4' title="bbox 326 498 1626 555; baseline 0.002 -17"><span class='ocrx_word' id='word_1_21' title='bbox 326 498 443 539; x_wconf 78' lang='lat' dir='ltr'><strong>XIII.</strong></span> <span class='ocrx_word' id='word_1_22' title='bbox 483 499 723 540; x_wconf 80' lang='lat' dir='ltr'>Succedant</span> <span class='ocrx_word' id='word_1_23' title='bbox 762 499 941 540; x_wconf 81' lang='lat' dir='ltr'>victimae</span> <span class='ocrx_word' id='word_1_24' title='bbox 983 498 1256 555; x_wconf 77' lang='lat' dir='ltr'>triumphales</span> <span class='ocrx_word' id='word_1_25' title='bbox 1289 499 1329 539; x_wconf 89' lang='lat' dir='ltr'>iu</span> <span class='ocrx_word' id='word_1_26' title='bbox 1359 500 1528 547; x_wconf 84' lang='lat' dir='ltr'>locum,</span> <span class='ocrx_word' id='word_1_27' title='bbox 1553 499 1626 540; x_wconf 85' lang='lat' dir='ltr'>ubi</span> 
     </span>
     <span class='ocr_line' id='line_1_5' title="bbox 269 567 1624 625; baseline 0.002 -18"><span class='ocrx_word' id='word_1_28' title='bbox 269 567 461 608; x_wconf 82' lang='lat' dir='ltr'>Christus</span> <span class='ocrx_word' id='word_1_29' title='bbox 486 568 621 609; x_wconf 84' lang='lat' dir='ltr'>hostia</span> <span class='ocrx_word' id='word_1_30' title='bbox 644 578 704 609; x_wconf 85' lang='lat' dir='ltr'>est</span> <span class='ocrx_word' id='word_1_31' title='bbox 743 569 881 624; x_wconf 67' lang='lat'>(154).</span> <span class='ocrx_word' id='word_1_32' title='bbox 911 569 994 610; x_wconf 87' lang='lat' dir='ltr'>Sed</span> <span class='ocrx_word' id='word_1_33' title='bbox 1025 569 1092 609; x_wconf 88' lang='lat' dir='ltr'>illc</span> <span class='ocrx_word' id='word_1_34' title='bbox 1115 584 1240 625; x_wconf 85' lang='lat' dir='ltr'>super</span> <span class='ocrx_word' id='word_1_35' title='bbox 1273 570 1424 617; x_wconf 81' lang='lat' dir='ltr'>altare,</span> <span class='ocrx_word' id='word_1_36' title='bbox 1454 570 1523 625; x_wconf 90' lang='lat' dir='ltr'>qui</span> <span class='ocrx_word' id='word_1_37' title='bbox 1549 584 1624 625; x_wconf 90' lang='lat' dir='ltr'>pro</span> 
     </span>
     <span class='ocr_line' id='line_1_6' title="bbox 268 637 1628 695; baseline 0.001 -17"><span class='ocrx_word' id='word_1_38' title='bbox 268 637 463 678; x_wconf 85' lang='lat' dir='ltr'>omnibus</span> <span class='ocrx_word' id='word_1_39' title='bbox 493 653 636 694; x_wconf 77' lang='lat' dir='ltr'>passus</span> <span class='ocrx_word' id='word_1_40' title='bbox 668 646 729 679; x_wconf 77' lang='lat' dir='ltr'>est</span> <span class='ocrx_word' id='word_1_41' title='bbox 757 653 766 679; x_wconf 91' lang='lat'>:</span> <span class='ocrx_word' id='word_1_42' title='bbox 793 639 856 679; x_wconf 88' lang='lat' dir='ltr'>isti</span> <span class='ocrx_word' id='word_1_43' title='bbox 885 639 965 679; x_wconf 83' lang='lat' dir='ltr'>sub</span> <span class='ocrx_word' id='word_1_44' title='bbox 996 638 1136 685; x_wconf 79' lang='lat' dir='ltr'>altari,</span> <span class='ocrx_word' id='word_1_45' title='bbox 1171 639 1242 694; x_wconf 88' lang='lat' dir='ltr'>qui</span> <span class='ocrx_word' id='word_1_46' title='bbox 1279 639 1388 680; x_wconf 88' lang='lat' dir='ltr'>illius</span> <span class='ocrx_word' id='word_1_47' title='bbox 1420 639 1628 695; x_wconf 79' lang='lat' dir='ltr'>redempti</span> 
     </span>
     <span class='ocr_line' id='line_1_7' title="bbox 268 709 1625 766; baseline 0 -16"><span class='ocrx_word' id='word_1_48' title='bbox 268 717 364 750; x_wconf 86' lang='lat' dir='ltr'>suut</span> <span class='ocrx_word' id='word_1_49' title='bbox 400 709 605 765; x_wconf 76' lang='lat' dir='ltr'>passione.</span> <span class='ocrx_word' id='word_1_50' title='bbox 632 710 754 750; x_wconf 88' lang='lat' dir='ltr'>Hunc</span> <span class='ocrx_word' id='word_1_51' title='bbox 787 725 863 766; x_wconf 80' lang='lat' dir='ltr'>ego</span> <span class='ocrx_word' id='word_1_52' title='bbox 896 712 1036 751; x_wconf 80' lang='lat' dir='ltr'>locun]</span> <span class='ocrx_word' id='word_1_53' title='bbox 1072 710 1463 765; x_wconf 70' lang='lat' dir='ltr'>praedestinaveram</span> <span class='ocrx_word' id='word_1_54' title='bbox 1494 709 1625 757; x_wconf 86' lang='lat' dir='ltr'>mihi;</span> 
     </span>
     <span class='ocr_line' id='line_1_8' title="bbox 268 778 1631 835; baseline 0.001 -16"><span class='ocrx_word' id='word_1_55' title='bbox 268 778 440 834; x_wconf 76' lang='lat' dir='ltr'>dignum</span> <span class='ocrx_word' id='word_1_56' title='bbox 482 787 543 819; x_wconf 82' lang='lat' dir='ltr'>cst</span> <span class='ocrx_word' id='word_1_57' title='bbox 566 779 678 819; x_wconf 77' lang='lat' dir='ltr'>onim</span> <span class='ocrx_word' id='word_1_58' title='bbox 702 788 749 820; x_wconf 88' lang='lat' dir='ltr'>ut</span> <span class='ocrx_word' id='word_1_59' title='bbox 787 780 843 820; x_wconf 91' lang='lat' dir='ltr'>ibi</span> <span class='ocrx_word' id='word_1_60' title='bbox 877 779 1111 835; x_wconf 81' lang='lat' dir='ltr'>requiescat</span> <span class='ocrx_word' id='word_1_61' title='bbox 1135 780 1351 826; x_wconf 75' lang='lat' dir='ltr'>sacerdos,</span> <span class='ocrx_word' id='word_1_62' title='bbox 1380 780 1452 820; x_wconf 88' lang='lat' dir='ltr'>uhi</span> <span class='ocrx_word' id='word_1_63' title='bbox 1478 779 1631 820; x_wconf 80' lang='lat' dir='ltr'>offerre</span> 
     </span>
     <span class='ocr_line' id='line_1_9' title="bbox 270 849 1629 906; baseline 0.001 -19"><span class='ocrx_word' id='word_1_64' title='bbox 270 849 489 888; x_wconf 82' lang='lat' dir='ltr'>consuevit</span> <span class='ocrx_word' id='word_1_65' title='bbox 514 864 521 888; x_wconf 75' lang='grc' dir='ltr'>ε</span> <span class='ocrx_word' id='word_1_66' title='bbox 548 849 620 889; x_wconf 82' lang='lat' dir='ltr'>sed</span> <span class='ocrx_word' id='word_1_67' title='bbox 643 850 747 889; x_wconf 89' lang='lat' dir='ltr'>cedo</span> <span class='ocrx_word' id='word_1_68' title='bbox 771 850 897 891; x_wconf 82' lang='lat' dir='ltr'>sacris</span> <span class='ocrx_word' id='word_1_69' title='bbox 920 849 1100 890; x_wconf 82' lang='lat' dir='ltr'>victimis</span> <span class='ocrx_word' id='word_1_70' title='bbox 1125 850 1339 890; x_wconf 80' lang='lat' dir='ltr'>dexteram</span> <span class='ocrx_word' id='word_1_71' title='bbox 1366 849 1629 906; x_wconf 86' lang='lat' dir='ltr'>portionem;</span> 
     </span>
     <span class='ocr_line' id='line_1_10' title="bbox 269 918 1630 975; baseline 0 -16"><span class='ocrx_word' id='word_1_72' title='bbox 269 918 388 959; x_wconf 86' lang='lat' dir='ltr'>locus</span> <span class='ocrx_word' id='word_1_73' title='bbox 413 918 490 959; x_wconf 88' lang='lat' dir='ltr'>iste</span> <span class='ocrx_word' id='word_1_74' title='bbox 513 918 769 974; x_wconf 60' lang='lat' dir='ltr'>martyribus</span> <span class='ocrx_word' id='word_1_75' title='bbox 792 920 1038 961; x_wconf 79' lang='lat' dir='ltr'>debebatur.</span> <span class='ocrx_word' id='word_1_76' title='bbox 1059 919 1298 960; x_wconf 77' lang='lat' dir='ltr'>Condamus</span> <span class='ocrx_word' id='word_1_77' title='bbox 1316 934 1415 975; x_wconf 74' lang='lat' dir='ltr'>crgo</span> <span class='ocrx_word' id='word_1_78' title='bbox 1434 919 1630 974; x_wconf 79' lang='lat' dir='ltr'>reliquias</span> 
     </span>
     <span class='ocr_line' id='line_1_11' title="bbox 268 989 1629 1044; baseline 0.001 -16"><span class='ocrx_word' id='word_1_79' title='bbox 268 997 557 1029; x_wconf 86' lang='lat' dir='ltr'>sacrosanctas</span> <span class='ocrx_word' id='word_1_80' title='bbox 577 997 617 1029; x_wconf 85' lang='lat' dir='ltr'>et</span> <span class='ocrx_word' id='word_1_81' title='bbox 638 989 771 1044; x_wconf 80' lang='lat' dir='ltr'>dignis</span> <span class='ocrx_word' id='word_1_82' title='bbox 795 991 955 1030; x_wconf 58' lang='lat' dir='ltr'>{edibus</span> <span class='ocrx_word' id='word_1_83' title='bbox 978 989 1223 1030; x_wconf 72' lang='lat' dir='ltr'>invehamus</span> <span class='ocrx_word' id='word_1_84' title='bbox 1243 1022 1251 1037; x_wconf 94' lang='lat'><em>‚</em></span> <span class='ocrx_word' id='word_1_85' title='bbox 1274 997 1494 1044; x_wconf 78' lang='lat' dir='ltr'>totumque</span> <span class='ocrx_word' id='word_1_86' title='bbox 1517 989 1629 1030; x_wconf 83' lang='lat' dir='ltr'>diem</span> 
     </span>
     <span class='ocr_line' id='line_1_12' title="bbox 268 1056 915 1100; baseline 0.002 -2"><span class='ocrx_word' id='word_1_87' title='bbox 268 1056 352 1098; x_wconf 79' lang='lat' dir='ltr'>fida</span> <span class='ocrx_word' id='word_1_88' title='bbox 386 1058 610 1098; x_wconf 81' lang='lat' dir='ltr'>devotione</span> <span class='ocrx_word' id='word_1_89' title='bbox 633 1059 915 1100; x_wconf 77' lang='lat' dir='ltr'>celebremus,</span> 
     </span>
    </p>

    <p class='ocr_par' dir='ltr' id='par_1_4' title="bbox 269 1127 1632 1380">
     <span class='ocr_line' id='line_1_13' title="bbox 326 1127 1630 1185; baseline 0 -17"><span class='ocrx_word' id='word_1_90' title='bbox 326 1127 442 1169; x_wconf 80' lang='lat' dir='ltr'><strong>XIV.</strong></span> <span class='ocrx_word' id='word_1_91' title='bbox 480 1127 741 1169; x_wconf 79' lang='lat' dir='ltr'>Acclamavit</span> <span class='ocrx_word' id='word_1_92' title='bbox 765 1130 971 1185; x_wconf 89' lang='lat' dir='ltr'>populus,</span> <span class='ocrx_word' id='word_1_93' title='bbox 998 1138 1043 1169; x_wconf 89' lang='lat' dir='ltr'>ut</span> <span class='ocrx_word' id='word_1_94' title='bbox 1066 1129 1105 1169; x_wconf 87' lang='lat' dir='ltr'>in</span> <span class='ocrx_word' id='word_1_95' title='bbox 1131 1128 1403 1170; x_wconf 88' lang='lat' dir='ltr'>Dominicum</span> <span class='ocrx_word' id='word_1_96' title='bbox 1438 1127 1630 1168; x_wconf 82' lang='lat' dir='ltr'>differre-</span> 
     </span>
     <span class='ocr_line' id='line_1_14' title="bbox 269 1199 1632 1255; baseline 0.001 -16"><span class='ocrx_word' id='word_1_97' title='bbox 269 1207 337 1240; x_wconf 87' lang='lat' dir='ltr'>tur</span> <span class='ocrx_word' id='word_1_98' title='bbox 361 1199 472 1239; x_wconf 75' lang='lat' dir='ltr'>dien]</span> <span class='ocrx_word' id='word_1_99' title='bbox 493 1207 728 1255; x_wconf 82' lang='lat' dir='ltr'>martyrum</span> <span class='ocrx_word' id='word_1_100' title='bbox 754 1199 958 1255; x_wconf 80' lang='lat' dir='ltr'>depositio</span> <span class='ocrx_word' id='word_1_101' title='bbox 983 1215 992 1240; x_wconf 73' lang='grc' dir='ltr'>ε</span> <span class='ocrx_word' id='word_1_102' title='bbox 1018 1201 1089 1240; x_wconf 80' lang='lat' dir='ltr'>sed</span> <span class='ocrx_word' id='word_1_103' title='bbox 1115 1201 1282 1240; x_wconf 82' lang='lat' dir='ltr'>tandem</span> <span class='ocrx_word' id='word_1_104' title='bbox 1309 1200 1531 1240; x_wconf 84' lang='lat' dir='ltr'>obtentum</span> <span class='ocrx_word' id='word_1_105' title='bbox 1548 1231 1558 1246; x_wconf 93' lang='lat'>‚</span> <span class='ocrx_word' id='word_1_106' title='bbox 1589 1207 1632 1240; x_wconf 88' lang='lat' dir='ltr'>ut</span> 
     </span>
     <span class='ocr_line' id='line_1_15' title="bbox 269 1267 1630 1325; baseline 0.001 -17"><span class='ocrx_word' id='word_1_107' title='bbox 269 1269 461 1323; x_wconf 81' lang='lat' dir='ltr'>sequenti</span> <span class='ocrx_word' id='word_1_108' title='bbox 496 1267 617 1309; x_wconf 81' lang='lat' dir='ltr'>fieret</span> <span class='ocrx_word' id='word_1_109' title='bbox 648 1268 728 1309; x_wconf 87' lang='lat' dir='ltr'>die.</span> <span class='ocrx_word' id='word_1_110' title='bbox 757 1268 958 1325; x_wconf 81' lang='lat' dir='ltr'>Sequenti</span> <span class='ocrx_word' id='word_1_111' title='bbox 994 1269 1060 1310; x_wconf 87' lang='lat' dir='ltr'>die</span> <span class='ocrx_word' id='word_1_112' title='bbox 1089 1270 1180 1310; x_wconf 85' lang='lat' dir='ltr'>talis</span> <span class='ocrx_word' id='word_1_113' title='bbox 1214 1269 1314 1310; x_wconf 81' lang='lat' dir='ltr'>mihi</span> <span class='ocrx_word' id='word_1_114' title='bbox 1343 1270 1391 1310; x_wconf 89' lang='lat' dir='ltr'>ad</span> <span class='ocrx_word' id='word_1_115' title='bbox 1428 1269 1630 1325; x_wconf 83' lang='lat' dir='ltr'>populum</span> 
     </span>
     <span class='ocr_line' id='line_1_16' title="bbox 269 1338 706 1380; baseline 0.005 -2"><span class='ocrx_word' id='word_1_116' title='bbox 269 1338 419 1378; x_wconf 74' lang='lat' dir='ltr'>iterum</span> <span class='ocrx_word' id='word_1_117' title='bbox 452 1354 590 1379; x_wconf 82' lang='lat' dir='ltr'>sermo</span> <span class='ocrx_word' id='word_1_118' title='bbox 616 1339 706 1380; x_wconf 79' lang='lat' dir='ltr'>fuit.</span> 
     </span>
    </p>

    <p class='ocr_par' dir='ltr' id='par_1_5' title="bbox 271 1407 1634 2236">
     <span class='ocr_line' id='line_1_17' title="bbox 330 1407 1631 1452; baseline 0.001 -3"><span class='ocrx_word' id='word_1_119' title='bbox 330 1407 422 1449; x_wconf 77' lang='lat' dir='ltr'>XV.</span> <span class='ocrx_word' id='word_1_120' title='bbox 462 1409 669 1450; x_wconf 75' lang='lat' dir='ltr'>Hesterno</span> <span class='ocrx_word' id='word_1_121' title='bbox 697 1411 871 1451; x_wconf 72' lang='lat' dir='ltr'>tractavi</span> <span class='ocrx_word' id='word_1_122' title='bbox 897 1410 1149 1452; x_wconf 75' lang='lat' dir='ltr'>versiculum</span> <span class='ocrx_word' id='word_1_123' title='bbox 1179 1427 1187 1451; x_wconf 90' lang='lat'>:</span> <span class='ocrx_word' id='word_1_124' title='bbox 1217 1411 1345 1452; x_wconf 51' lang='lat' dir='ltr'>“Dies</span> <span class='ocrx_word' id='word_1_125' title='bbox 1370 1411 1449 1452; x_wconf 82' lang='lat' dir='ltr'>diei</span> <span class='ocrx_word' id='word_1_126' title='bbox 1467 1418 1631 1452; x_wconf 82' lang='lat' dir='ltr'>eructat</span> 
     </span>
     <span class='ocr_line' id='line_1_18' title="bbox 272 1479 1631 1537; baseline 0.002 -19"><span class='ocrx_word' id='word_1_127' title='bbox 272 1496 286 1515; x_wconf 78' lang='lat'>›&gt;</span> <span class='ocrx_word' id='word_1_128' title='bbox 303 1479 525 1526; x_wconf 49' lang='lat' dir='ltr'>verbumst</span> <span class='ocrx_word' id='word_1_129' title='bbox 551 1489 705 1535; x_wconf 84' lang='lat' dir='ltr'>»prout</span> <span class='ocrx_word' id='word_1_130' title='bbox 726 1481 854 1521; x_wconf 79' lang='lat' dir='ltr'>nostri</span> <span class='ocrx_word' id='word_1_131' title='bbox 881 1490 1027 1537; x_wconf 85' lang='lat' dir='ltr'>captus</span> <span class='ocrx_word' id='word_1_132' title='bbox 1053 1482 1146 1522; x_wconf 88' lang='lat' dir='ltr'>tulit</span> <span class='ocrx_word' id='word_1_133' title='bbox 1171 1481 1324 1537; x_wconf 66' lang='lat' dir='ltr'>ingenii</span> <span class='ocrx_word' id='word_1_134' title='bbox 1347 1497 1355 1521; x_wconf 80' lang='lat' dir='ltr'><strong><em>z</em></strong></span> <span class='ocrx_word' id='word_1_135' title='bbox 1383 1480 1506 1522; x_wconf 85' lang='lat' dir='ltr'>hodie</span> <span class='ocrx_word' id='word_1_136' title='bbox 1529 1480 1631 1521; x_wconf 83' lang='lat' dir='ltr'>mihi</span> 
     </span>
     <span class='ocr_line' id='line_1_19' title="bbox 271 1550 1631 1607; baseline 0.002 -19"><span class='ocrx_word' id='word_1_137' title='bbox 271 1563 354 1588; x_wconf 87' lang='lat' dir='ltr'>non</span> <span class='ocrx_word' id='word_1_138' title='bbox 378 1550 512 1589; x_wconf 86' lang='lat' dir='ltr'>solum</span> <span class='ocrx_word' id='word_1_139' title='bbox 537 1551 754 1606; x_wconf 83' lang='lat' dir='ltr'>superiore</span> <span class='ocrx_word' id='word_1_140' title='bbox 780 1559 995 1607; x_wconf 84' lang='lat' dir='ltr'>tempore,</span> <span class='ocrx_word' id='word_1_141' title='bbox 1022 1553 1093 1591; x_wconf 77' lang='lat' dir='ltr'>sed</span> <span class='ocrx_word' id='word_1_142' title='bbox 1119 1551 1312 1607; x_wconf 68' lang='lat' dir='ltr'>przrsenti</span> <span class='ocrx_word' id='word_1_143' title='bbox 1342 1566 1509 1606; x_wconf 75' lang='lat' dir='ltr'>quoque</span> <span class='ocrx_word' id='word_1_144' title='bbox 1535 1564 1631 1606; x_wconf 88' lang='lat' dir='ltr'>pro—</span> 
     </span>
     <span class='ocr_line' id='line_1_20' title="bbox 276 1619 1631 1677; baseline 0.001 -18"><span class='ocrx_word' id='word_1_145' title='bbox 276 1619 470 1675; x_wconf 80' lang='lat' dir='ltr'>phetasse</span> <span class='ocrx_word' id='word_1_146' title='bbox 496 1621 662 1662; x_wconf 74' lang='lat' dir='ltr'>videtur</span> <span class='ocrx_word' id='word_1_147' title='bbox 680 1622 898 1677; x_wconf 84' lang='lat' dir='ltr'>Scriptura</span> <span class='ocrx_word' id='word_1_148' title='bbox 933 1623 1086 1663; x_wconf 78' lang='lat' dir='ltr'>divina.</span> <span class='ocrx_word' id='word_1_149' title='bbox 1122 1622 1224 1663; x_wconf 80' lang='lat' dir='ltr'>Nam</span> <span class='ocrx_word' id='word_1_150' title='bbox 1261 1637 1358 1662; x_wconf 88' lang='lat' dir='ltr'>cum</span> <span class='ocrx_word' id='word_1_151' title='bbox 1401 1621 1548 1662; x_wconf 81' lang='lat' dir='ltr'>diebus</span> <span class='ocrx_word' id='word_1_152' title='bbox 1585 1635 1631 1661; x_wconf 83' lang='lat' dir='ltr'>ac</span> 
     </span>
     <span class='ocr_line' id='line_1_21' title="bbox 273 1689 1632 1732; baseline 0.001 -4"><span class='ocrx_word' id='word_1_153' title='bbox 273 1689 469 1730; x_wconf 78' lang='lat' dir='ltr'>noctibus</span> <span class='ocrx_word' id='word_1_154' title='bbox 501 1692 790 1732; x_wconf 77' lang='lat' dir='ltr'>continuatam</span> <span class='ocrx_word' id='word_1_155' title='bbox 822 1692 986 1732; x_wconf 79' lang='lat' dir='ltr'>videam</span> <span class='ocrx_word' id='word_1_156' title='bbox 1012 1691 1243 1732; x_wconf 78' lang='lat' dir='ltr'>sanctitatis</span> <span class='ocrx_word' id='word_1_157' title='bbox 1273 1700 1420 1732; x_wconf 86' lang='lat' dir='ltr'>vestrae</span> <span class='ocrx_word' id='word_1_158' title='bbox 1452 1689 1632 1731; x_wconf 87' lang='lat' dir='ltr'>celebri-</span> 
     </span>
     <span class='ocr_line' id='line_1_22' title="bbox 272 1761 1632 1818; baseline 0.001 -18"><span class='ocrx_word' id='word_1_159' title='bbox 272 1768 400 1801; x_wconf 81' lang='lat' dir='ltr'>tatem</span> <span class='ocrx_word' id='word_1_160' title='bbox 415 1794 424 1808; x_wconf 86' lang='lat'><strong>,</strong></span> <span class='ocrx_word' id='word_1_161' title='bbox 444 1761 541 1802; x_wconf 84' lang='lat' dir='ltr'>istos</span> <span class='ocrx_word' id='word_1_162' title='bbox 558 1777 647 1802; x_wconf 87' lang='lat' dir='ltr'>esse</span> <span class='ocrx_word' id='word_1_163' title='bbox 666 1762 900 1818; x_wconf 83' lang='lat' dir='ltr'>prophetici</span> <span class='ocrx_word' id='word_1_164' title='bbox 925 1763 1122 1803; x_wconf 82' lang='lat' dir='ltr'>carminis</span> <span class='ocrx_word' id='word_1_165' title='bbox 1144 1764 1313 1803; x_wconf 83' lang='lat' dir='ltr'>oracula</span> <span class='ocrx_word' id='word_1_166' title='bbox 1336 1762 1606 1804; x_wconf 84' lang='lat' dir='ltr'>declararunt</span> <span class='ocrx_word' id='word_1_167' title='bbox 1620 1790 1632 1808; x_wconf 82' lang='grc'><em>,</em></span> 
     </span>
     <span class='ocr_line' id='line_1_23' title="bbox 275 1829 1633 1890; baseline 0 -19"><span class='ocrx_word' id='word_1_168' title='bbox 275 1829 519 1872; x_wconf 82' lang='lat' dir='ltr'>hesternum</span> <span class='ocrx_word' id='word_1_169' title='bbox 556 1841 681 1888; x_wconf 81' lang='lat' dir='ltr'>atque</span> <span class='ocrx_word' id='word_1_170' title='bbox 708 1833 987 1880; x_wconf 88' lang='lat' dir='ltr'>hodiernum,</span> <span class='ocrx_word' id='word_1_171' title='bbox 1015 1834 1065 1874; x_wconf 86' lang='lat' dir='ltr'>de</span> <span class='ocrx_word' id='word_1_172' title='bbox 1098 1833 1249 1889; x_wconf 90' lang='lat' dir='ltr'>quibus</span> <span class='ocrx_word' id='word_1_173' title='bbox 1277 1831 1633 1890; x_wconf 65' lang='lat' dir='ltr'>opportunissime</span> 
     </span>
     <span class='ocr_line' id='line_1_24' title="bbox 278 1900 1633 1964; baseline 0.001 -24"><span class='ocrx_word' id='word_1_174' title='bbox 278 1900 431 1941; x_wconf 80' lang='lat' dir='ltr'>dicitur</span> <span class='ocrx_word' id='word_1_175' title='bbox 455 1914 466 1942; x_wconf 72' lang='grc' dir='ltr'><strong><em>ε</em></strong></span> <span class='ocrx_word' id='word_1_176' title='bbox 494 1918 508 1938; x_wconf 94' lang='lat'>«</span> <span class='ocrx_word' id='word_1_177' title='bbox 530 1901 626 1942; x_wconf 87' lang='lat' dir='ltr'>Dies</span> <span class='ocrx_word' id='word_1_178' title='bbox 651 1902 734 1943; x_wconf 76' lang='lat' dir='ltr'>&lt;liei</span> <span class='ocrx_word' id='word_1_179' title='bbox 758 1911 923 1944; x_wconf 85' lang='lat' dir='ltr'>eructat</span> <span class='ocrx_word' id='word_1_180' title='bbox 945 1903 1157 1964; x_wconf 47' lang='lat' dir='ltr'>verbum3³3</span> <span class='ocrx_word' id='word_1_181' title='bbox 1173 1911 1242 1944; x_wconf 84' lang='lat' dir='ltr'>»ct</span> <span class='ocrx_word' id='word_1_182' title='bbox 1272 1903 1367 1944; x_wconf 78' lang='lat' dir='ltr'>istas</span> <span class='ocrx_word' id='word_1_183' title='bbox 1390 1910 1556 1948; x_wconf 88' lang='lat' dir='ltr'>noctes,</span> <span class='ocrx_word' id='word_1_184' title='bbox 1583 1902 1633 1942; x_wconf 87' lang='lat' dir='ltr'>de</span> 
     </span>
     <span class='ocr_line' id='line_1_25' title="bbox 277 1970 1634 2029; baseline 0.002 -19"><span class='ocrx_word' id='word_1_185' title='bbox 277 1970 429 2025; x_wconf 84' lang='lat' dir='ltr'>quibus</span> <span class='ocrx_word' id='word_1_186' title='bbox 471 1971 683 2027; x_wconf 82' lang='lat' dir='ltr'>aptissime</span> <span class='ocrx_word' id='word_1_187' title='bbox 719 1972 978 2029; x_wconf 85' lang='lat' dir='ltr'>disputatur,</span> <span class='ocrx_word' id='word_1_188' title='bbox 1027 1974 1123 2029; x_wconf 65' lang='lat' dir='ltr'>(plia</span> <span class='ocrx_word' id='word_1_189' title='bbox 1158 1992 1171 2011; x_wconf 72' lang='grc' dir='ltr'>ιι</span> <span class='ocrx_word' id='word_1_190' title='bbox 1195 1974 1285 2015; x_wconf 83' lang='lat' dir='ltr'>Nox</span> <span class='ocrx_word' id='word_1_191' title='bbox 1320 1973 1433 2015; x_wconf 88' lang='lat' dir='ltr'>nocti</span> <span class='ocrx_word' id='word_1_192' title='bbox 1476 1972 1634 2014; x_wconf 84' lang='lat' dir='ltr'>indicat</span> 
     </span>
     <span class='ocr_line' id='line_1_26' title="bbox 278 2040 1633 2093; baseline 0.003 -13"><span class='ocrx_word' id='word_1_193' title='bbox 278 2040 537 2083; x_wconf 83' lang='lat' dir='ltr'>»scientiam.</span> <span class='ocrx_word' id='word_1_194' title='bbox 561 2059 576 2081; x_wconf 87' lang='lat'>»</span> <span class='ocrx_word' id='word_1_195' title='bbox 611 2042 724 2093; x_wconf 88' lang='lat' dir='ltr'>Quid</span> <span class='ocrx_word' id='word_1_196' title='bbox 753 2043 867 2084; x_wconf 88' lang='lat' dir='ltr'>euim</span> <span class='ocrx_word' id='word_1_197' title='bbox 905 2043 1018 2085; x_wconf 81' lang='lat' dir='ltr'>aliud</span> <span class='ocrx_word' id='word_1_198' title='bbox 1051 2045 1133 2085; x_wconf 89' lang='lat' dir='ltr'>hoc</span> <span class='ocrx_word' id='word_1_199' title='bbox 1170 2044 1320 2089; x_wconf 90' lang='lat' dir='ltr'>biduo,</span> <span class='ocrx_word' id='word_1_200' title='bbox 1355 2043 1434 2084; x_wconf 87' lang='lat' dir='ltr'>nisi</span> <span class='ocrx_word' id='word_1_201' title='bbox 1457 2043 1633 2084; x_wconf 87' lang='lat' dir='ltr'>verbum</span> 
     </span>
     <span class='ocr_line' id='line_1_27' title="bbox 276 2109 1633 2162; baseline 0.002 -12"><span class='ocrx_word' id='word_1_202' title='bbox 276 2109 351 2151; x_wconf 92' lang='lat' dir='ltr'>Dei</span> <span class='ocrx_word' id='word_1_203' title='bbox 389 2110 537 2152; x_wconf 80' lang='lat' dir='ltr'>intimo</span> <span class='ocrx_word' id='word_1_204' title='bbox 572 2111 794 2154; x_wconf 82' lang='lat' dir='ltr'>eructastis</span> <span class='ocrx_word' id='word_1_205' title='bbox 833 2111 1009 2162; x_wconf 83' lang='lat' dir='ltr'>affectu,</span> <span class='ocrx_word' id='word_1_206' title='bbox 1045 2121 1086 2154; x_wconf 87' lang='lat' dir='ltr'>ct</span> <span class='ocrx_word' id='word_1_207' title='bbox 1123 2113 1342 2154; x_wconf 85' lang='lat' dir='ltr'>scientiam</span> <span class='ocrx_word' id='word_1_208' title='bbox 1380 2127 1451 2154; x_wconf 90' lang='lat' dir='ltr'>vos</span> <span class='ocrx_word' id='word_1_209' title='bbox 1475 2111 1633 2153; x_wconf 83' lang='lat' dir='ltr'>habere</span> 
     </span>
     <span class='ocr_line' id='line_1_28' title="bbox 276 2179 676 2236; baseline 0.005 -15"><span class='ocrx_word' id='word_1_210' title='bbox 276 2179 374 2222; x_wconf 87' lang='lat' dir='ltr'>fidei</span> <span class='ocrx_word' id='word_1_211' title='bbox 396 2181 676 2236; x_wconf 74' lang='lat' dir='ltr'>probavistis?</span> 
     </span>
    </p>

    <p class='ocr_par' dir='ltr' id='par_1_6' title="bbox 274 2250 1634 2589">
     <span class='ocr_line' id='line_1_29' title="bbox 332 2250 1634 2310; baseline 0.004 -19"><span class='ocrx_word' id='word_1_212' title='bbox 332 2250 446 2292; x_wconf 75' lang='lat' dir='ltr'><strong>XVI.</strong></span> <span class='ocrx_word' id='word_1_213' title='bbox 484 2252 561 2293; x_wconf 90' lang='lat' dir='ltr'>Cui</span> <span class='ocrx_word' id='word_1_214' title='bbox 594 2260 734 2293; x_wconf 81' lang='lat' dir='ltr'>tamen</span> <span class='ocrx_word' id='word_1_215' title='bbox 771 2252 1004 2294; x_wconf 79' lang='lat' dir='ltr'>celebritati</span> <span class='ocrx_word' id='word_1_216' title='bbox 1029 2263 1200 2301; x_wconf 58' lang='lat' dir='ltr'>vestrae,</span> <span class='ocrx_word' id='word_1_217' title='bbox 1238 2254 1308 2310; x_wconf 85' lang='lat' dir='ltr'>qui</span> <span class='ocrx_word' id='word_1_218' title='bbox 1341 2255 1499 2299; x_wconf 86' lang='lat' dir='ltr'>solent,</span> <span class='ocrx_word' id='word_1_219' title='bbox 1525 2253 1634 2296; x_wconf 87' lang='lat' dir='ltr'>invi-</span> 
     </span>
     <span class='ocr_line' id='line_1_30' title="bbox 279 2320 1632 2376; baseline 0.002 -15"><span class='ocrx_word' id='word_1_220' title='bbox 279 2320 390 2361; x_wconf 82' lang='lat' dir='ltr'>dent.</span> <span class='ocrx_word' id='word_1_221' title='bbox 418 2320 469 2361; x_wconf 85' lang='lat' dir='ltr'>Et</span> <span class='ocrx_word' id='word_1_222' title='bbox 506 2321 602 2376; x_wconf 84' lang='lat' dir='ltr'>quia</span> <span class='ocrx_word' id='word_1_223' title='bbox 639 2322 928 2364; x_wconf 79' lang='lat' dir='ltr'>celebritatem</span> <span class='ocrx_word' id='word_1_224' title='bbox 962 2332 1139 2365; x_wconf 79' lang='lat' dir='ltr'>vestram</span> <span class='ocrx_word' id='word_1_225' title='bbox 1166 2324 1313 2365; x_wconf 88' lang='lat' dir='ltr'>invidis</span> <span class='ocrx_word' id='word_1_226' title='bbox 1345 2324 1493 2366; x_wconf 81' lang='lat' dir='ltr'>animis</span> <span class='ocrx_word' id='word_1_227' title='bbox 1526 2323 1632 2365; x_wconf 87' lang='lat' dir='ltr'>serre</span> 
     </span>
     <span class='ocr_line' id='line_1_31' title="bbox 278 2394 1633 2451; baseline 0.004 -20"><span class='ocrx_word' id='word_1_228' title='bbox 278 2405 366 2432; x_wconf 86' lang='lat' dir='ltr'>non</span> <span class='ocrx_word' id='word_1_229' title='bbox 390 2400 585 2448; x_wconf 85' lang='lat' dir='ltr'>possunt,</span> <span class='ocrx_word' id='word_1_230' title='bbox 612 2408 779 2434; x_wconf 84' lang='lat' dir='ltr'>causam</span> <span class='ocrx_word' id='word_1_231' title='bbox 807 2394 1061 2436; x_wconf 86' lang='lat' dir='ltr'>celebritatis</span> <span class='ocrx_word' id='word_1_232' title='bbox 1085 2395 1264 2437; x_wconf 83' lang='lat' dir='ltr'>oderunt</span> <span class='ocrx_word' id='word_1_233' title='bbox 1289 2411 1297 2436; x_wconf 92' lang='lat'>:</span> <span class='ocrx_word' id='word_1_234' title='bbox 1322 2404 1444 2451; x_wconf 84' lang='lat' dir='ltr'>atque</span> <span class='ocrx_word' id='word_1_235' title='bbox 1474 2395 1516 2436; x_wconf 88' lang='lat' dir='ltr'>in</span> <span class='ocrx_word' id='word_1_236' title='bbox 1539 2403 1633 2436; x_wconf 80' lang='lat' dir='ltr'>tan-</span> 
     </span>
     <span class='ocr_line' id='line_1_32' title="bbox 275 2463 1630 2523; baseline 0.003 -20"><span class='ocrx_word' id='word_1_237' title='bbox 275 2469 363 2503; x_wconf 85' lang='lat' dir='ltr'>tum</span> <span class='ocrx_word' id='word_1_238' title='bbox 403 2463 594 2504; x_wconf 75' lang='lat' dir='ltr'>amentiae</span> <span class='ocrx_word' id='word_1_239' title='bbox 628 2465 863 2520; x_wconf 87' lang='lat' dir='ltr'>prodeunt,</span> <span class='ocrx_word' id='word_1_240' title='bbox 903 2473 950 2506; x_wconf 83' lang='lat' dir='ltr'>ut</span> <span class='ocrx_word' id='word_1_241' title='bbox 988 2474 1142 2523; x_wconf 77' lang='lat' dir='ltr'>negent</span> <span class='ocrx_word' id='word_1_242' title='bbox 1178 2475 1414 2523; x_wconf 67' lang='lat' dir='ltr'>martyrum</span> <span class='ocrx_word' id='word_1_243' title='bbox 1459 2466 1630 2512; x_wconf 79' lang='lat' dir='ltr'>merita,</span> 
     </span>
     <span class='ocr_line' id='line_1_33' title="bbox 274 2533 1632 2589; baseline 0.004 -18"><span class='ocrx_word' id='word_1_244' title='bbox 274 2546 451 2587; x_wconf 85' lang='lat' dir='ltr'>quorum</span> <span class='ocrx_word' id='word_1_245' title='bbox 478 2547 603 2589; x_wconf 83' lang='lat' dir='ltr'>opera</span> <span class='ocrx_word' id='word_1_246' title='bbox 627 2533 753 2576; x_wconf 84' lang='lat' dir='ltr'>etiam</span> <span class='ocrx_word' id='word_1_247' title='bbox 785 2535 996 2577; x_wconf 83' lang='lat' dir='ltr'>daemones</span> <span class='ocrx_word' id='word_1_248' title='bbox 1027 2535 1299 2579; x_wconf 84' lang='lat' dir='ltr'>confitentur.</span> <span class='ocrx_word' id='word_1_249' title='bbox 1331 2537 1414 2579; x_wconf 86' lang='lat' dir='ltr'>Sed</span> <span class='ocrx_word' id='word_1_250' title='bbox 1438 2536 1517 2579; x_wconf 85' lang='lat' dir='ltr'>hoc</span> <span class='ocrx_word' id='word_1_251' title='bbox 1544 2550 1632 2578; x_wconf 91' lang='lat' dir='ltr'>non</span> 
     </span>
    </p>
   </div>
   <div class='ocr_carea' id='block_1_3' title="bbox 319 2620 593 2661">
    <p class='ocr_par' dir='ltr' id='par_1_7' title="bbox 319 2620 593 2661">
     <span class='ocr_line' id='line_1_34' title="bbox 319 2620 593 2661; baseline 0.011 -10"><span class='ocrx_word' id='word_1_252' title='bbox 319 2628 327 2643; x_wconf 87' lang='lat'>¹</span> <span class='ocrx_word' id='word_1_253' title='bbox 347 2620 431 2653; x_wconf 76' lang='lat' dir='ltr'>Psal.</span> <span class='ocrx_word' id='word_1_254' title='bbox 451 2632 543 2661; x_wconf 74' lang='lat' dir='ltr'>xvim,</span> <span class='ocrx_word' id='word_1_255' title='bbox 562 2622 593 2655; x_wconf 75' lang='lat'>3.</span> 
     </span>
    </p>
   </div>
   <div class='ocr_carea' id='block_1_4' title="bbox 1751 0 1774 746">
    <p class='ocr_par' dir='ltr' id='par_1_8' title="bbox 1751 0 1774 746">
     <span class='ocr_line' id='line_1_35' title="bbox 1751 0 1774 746; baseline 0 2412"><span class='ocrx_word' id='word_1_256' title='bbox 1751 0 1774 746; x_wconf 95' lang='lat' dir='ltr'> </span> 
     </span>
    </p>
   </div>
  </div>
 </body>
</html>
