<?xml version="1.0" encoding="UTF-8"?>
<!DOCTYPE html PUBLIC "-//W3C//DTD XHTML 1.0 Transitional//EN"
    "http://www.w3.org/TR/xhtml1/DTD/xhtml1-transitional.dtd">
<html xmlns="http://www.w3.org/1999/xhtml" xml:lang="en" lang="en">
 <head>
  <title>
</title>
<meta http-equiv="Content-Type" content="text/html;charset=utf-8" />
  <meta name='ocr-system' content='tesseract 3.04.00' />
  <meta name='ocr-capabilities' content='ocr_page ocr_carea ocr_par ocr_line ocrx_word'/>
</head>
<body>
  <div class='ocr_page' id='page_1' title='image "./omniaequaeextant08ambruoft_0244.png"; bbox 0 0 1774 3158; ppageno 0'>
   <div class='ocr_carea' id='block_1_1' title="bbox 280 221 1132 276">
    <p class='ocr_par' dir='ltr' id='par_1_1' title="bbox 280 221 1132 276">
     <span class='ocr_line' id='line_1_1' title="bbox 280 221 1132 276; baseline 0.004 -8"><span class='ocrx_word' id='word_1_1' title='bbox 280 221 371 276; x_wconf 77' lang='lat'><strong>234</strong></span> <span class='ocrx_word' id='word_1_2' title='bbox 845 243 875 271; x_wconf 85' lang='lat' dir='ltr'><strong>s.</strong></span> <span class='ocrx_word' id='word_1_3' title='bbox 916 238 1107 271; x_wconf 71' lang='lat' dir='ltr'><strong>Atfflnosll</strong></span> <span class='ocrx_word' id='word_1_4' title='bbox 1121 226 1132 237; x_wconf 70' lang='lat'><strong>⁹</strong></span> 
     </span>
    </p>
   </div>
   <div class='ocr_carea' id='block_1_2' title="bbox 282 317 1640 1369">
    <p class='ocr_par' dir='ltr' id='par_1_2' title="bbox 285 317 1635 438">
     <span class='ocr_line' id='line_1_2' title="bbox 285 317 1635 378; baseline 0.004 -20"><span class='ocrx_word' id='word_1_5' title='bbox 285 317 540 361; x_wconf 85' lang='lat' dir='ltr'><strong>convenire:</strong></span> <span class='ocrx_word' id='word_1_6' title='bbox 566 334 651 361; x_wconf 93' lang='lat' dir='ltr'><strong>non</strong></span> <span class='ocrx_word' id='word_1_7' title='bbox 683 320 821 377; x_wconf 87' lang='lat' dir='ltr'><strong>potuit</strong></span> <span class='ocrx_word' id='word_1_8' title='bbox 849 322 924 364; x_wconf 90' lang='lat' dir='ltr'><strong>tibi</strong></span> <span class='ocrx_word' id='word_1_9' title='bbox 953 322 1026 364; x_wconf 92' lang='lat' dir='ltr'><strong>soli</strong></span> <span class='ocrx_word' id='word_1_10' title='bbox 1057 329 1202 363; x_wconf 83' lang='lat' dir='ltr'><strong>contra</strong></span> <span class='ocrx_word' id='word_1_11' title='bbox 1236 321 1486 378; x_wconf 87' lang='lat' dir='ltr'><strong>rescriptum</strong></span> <span class='ocrx_word' id='word_1_12' title='bbox 1513 337 1635 364; x_wconf 88' lang='lat' dir='ltr'><strong>suum</strong></span> 
     </span>
     <span class='ocr_line' id='line_1_3' title="bbox 286 387 1514 438; baseline 0.004 -9"><span class='ocrx_word' id='word_1_13' title='bbox 286 387 428 430; x_wconf 87' lang='lat' dir='ltr'><strong>dicere</strong></span> <span class='ocrx_word' id='word_1_14' title='bbox 443 420 454 438; x_wconf 88' lang='lat'><em>,</em></span> <span class='ocrx_word' id='word_1_15' title='bbox 475 398 522 431; x_wconf 93' lang='lat' dir='ltr'><strong>ut</strong></span> <span class='ocrx_word' id='word_1_16' title='bbox 544 388 632 432; x_wconf 85' lang='lat' dir='ltr'><strong>sine</strong></span> <span class='ocrx_word' id='word_1_17' title='bbox 643 390 928 434; x_wconf 77' lang='lat' dir='ltr'>Orientalibus</span> <span class='ocrx_word' id='word_1_18' title='bbox 949 406 1073 434; x_wconf 79' lang='lat' dir='ltr'><strong>causa</strong></span> <span class='ocrx_word' id='word_1_19' title='bbox 1096 391 1270 433; x_wconf 85' lang='lat' dir='ltr'><strong>minime</strong></span> <span class='ocrx_word' id='word_1_20' title='bbox 1291 391 1514 434; x_wconf 84' lang='lat' dir='ltr'><strong>diceretur.</strong></span> 
     </span>
    </p>

    <p class='ocr_par' dir='ltr' id='par_1_3' title="bbox 340 459 1490 518">
     <span class='ocr_line' id='line_1_4' title="bbox 340 459 1490 518; baseline 0.003 -18"><span class='ocrx_word' id='word_1_21' title='bbox 340 459 550 501; x_wconf 83' lang='lat' dir='ltr'><strong>Palladius</strong></span> <span class='ocrx_word' id='word_1_22' title='bbox 574 461 676 503; x_wconf 80' lang='lat' dir='ltr'><strong>dixit</strong></span> <span class='ocrx_word' id='word_1_23' title='bbox 693 477 702 504; x_wconf 88' lang='lat'>:</span> <span class='ocrx_word' id='word_1_24' title='bbox 721 461 765 503; x_wconf 86' lang='lat' dir='ltr'><strong>Si</strong></span> <span class='ocrx_word' id='word_1_25' title='bbox 781 463 872 504; x_wconf 83' lang='lat' dir='ltr'><strong>Itali</strong></span> <span class='ocrx_word' id='word_1_26' title='bbox 892 463 968 505; x_wconf 90' lang='lat' dir='ltr'><strong>soli</strong></span> <span class='ocrx_word' id='word_1_27' title='bbox 992 461 1093 518; x_wconf 89' lang='lat' dir='ltr'><strong>jussi</strong></span> <span class='ocrx_word' id='word_1_28' title='bbox 1112 469 1209 503; x_wconf 90' lang='lat' dir='ltr'><strong>sunt</strong></span> <span class='ocrx_word' id='word_1_29' title='bbox 1230 462 1490 504; x_wconf 75' lang='lat' dir='ltr'><strong>convenire?</strong></span> 
     </span>
    </p>

    <p class='ocr_par' dir='ltr' id='par_1_4' title="bbox 282 529 1640 857">
     <span class='ocr_line' id='line_1_5' title="bbox 341 529 1637 592; baseline 0.004 -22"><span class='ocrx_word' id='word_1_30' title='bbox 341 529 541 587; x_wconf 81' lang='lat' dir='ltr'><strong>Evagrius</strong></span> <span class='ocrx_word' id='word_1_31' title='bbox 567 533 789 590; x_wconf 82' lang='lat' dir='ltr'><strong>presbyter</strong></span> <span class='ocrx_word' id='word_1_32' title='bbox 814 542 854 576; x_wconf 87' lang='lat' dir='ltr'><strong>et</strong></span> <span class='ocrx_word' id='word_1_33' title='bbox 884 536 1044 592; x_wconf 80' lang='lat' dir='ltr'><strong>legatus</strong></span> <span class='ocrx_word' id='word_1_34' title='bbox 1074 533 1178 575; x_wconf 87' lang='lat' dir='ltr'><strong>dixit</strong></span> <span class='ocrx_word' id='word_1_35' title='bbox 1201 546 1212 574; x_wconf 70' lang='lat' dir='ltr'><strong>t</strong></span> <span class='ocrx_word' id='word_1_36' title='bbox 1247 534 1300 574; x_wconf 86' lang='lat' dir='ltr'><strong>Ut</strong></span> <span class='ocrx_word' id='word_1_37' title='bbox 1330 541 1427 575; x_wconf 85' lang='lat' dir='ltr'><strong>aute</strong></span> <span class='ocrx_word' id='word_1_38' title='bbox 1455 541 1637 590; x_wconf 79' lang='lat' dir='ltr'><strong>quatuor</strong></span> 
     </span>
     <span class='ocr_line' id='line_1_6' title="bbox 285 598 1636 661; baseline 0.003 -21"><span class='ocrx_word' id='word_1_39' title='bbox 285 598 395 648; x_wconf 90' lang='lat' dir='ltr'><strong>dies,</strong></span> <span class='ocrx_word' id='word_1_40' title='bbox 414 608 454 642; x_wconf 89' lang='lat' dir='ltr'><strong>et</strong></span> <span class='ocrx_word' id='word_1_41' title='bbox 478 609 574 643; x_wconf 81' lang='lat' dir='ltr'><strong>ante</strong></span> <span class='ocrx_word' id='word_1_42' title='bbox 595 602 772 645; x_wconf 86' lang='lat' dir='ltr'><strong>biduum</strong></span> <span class='ocrx_word' id='word_1_43' title='bbox 792 605 1065 661; x_wconf 76' lang='lat' dir='ltr'>responderet</span> <span class='ocrx_word' id='word_1_44' title='bbox 1084 618 1126 645; x_wconf 88' lang='lat' dir='ltr'><strong>se</strong></span> <span class='ocrx_word' id='word_1_45' title='bbox 1144 601 1388 645; x_wconf 78' lang='lat' dir='ltr'><strong>affuturum.</strong></span> <span class='ocrx_word' id='word_1_46' title='bbox 1408 603 1523 654; x_wconf 83' lang='lat' dir='ltr'><strong>Quid</strong></span> <span class='ocrx_word' id='word_1_47' title='bbox 1537 618 1636 660; x_wconf 84' lang='lat' dir='ltr'><strong>ergo</strong></span> 
     </span>
     <span class='ocr_line' id='line_1_7' title="bbox 284 670 1636 726; baseline 0.001 -15"><span class='ocrx_word' id='word_1_48' title='bbox 284 670 568 726; x_wconf 78' lang='lat' dir='ltr'><strong>expectabasi&#39;</strong></span> <span class='ocrx_word' id='word_1_49' title='bbox 594 673 900 723; x_wconf 78' lang='lat' dir='ltr'><strong>Orientalium,</strong></span> <span class='ocrx_word' id='word_1_50' title='bbox 937 682 983 715; x_wconf 90' lang='lat' dir='ltr'><strong>ut</strong></span> <span class='ocrx_word' id='word_1_51' title='bbox 1017 673 1145 722; x_wconf 86' lang='lat' dir='ltr'><strong>dicis,</strong></span> <span class='ocrx_word' id='word_1_52' title='bbox 1178 672 1436 714; x_wconf 74' lang='lat' dir='ltr'>consortium</span> <span class='ocrx_word' id='word_1_53' title='bbox 1468 681 1636 714; x_wconf 87' lang='lat' dir='ltr'><strong>tuorum</strong></span> 
     </span>
     <span class='ocr_line' id='line_1_8' title="bbox 283 742 1640 804; baseline 0.003 -22"><span class='ocrx_word' id='word_1_54' title='bbox 283 742 530 784; x_wconf 78' lang='lat' dir='ltr'><strong>sententiam</strong></span> <span class='ocrx_word' id='word_1_55' title='bbox 549 745 880 801; x_wconf 70' lang='lat' dir='ltr'>expectandam?</span> <span class='ocrx_word' id='word_1_56' title='bbox 897 745 966 787; x_wconf 90' lang='lat' dir='ltr'><strong>Sic</strong></span> <span class='ocrx_word' id='word_1_57' title='bbox 992 743 1173 786; x_wconf 78' lang='lat' dir='ltr'><strong>debuisti</strong></span> <span class='ocrx_word' id='word_1_58' title='bbox 1192 745 1415 793; x_wconf 80' lang='lat' dir='ltr'><strong>mandare,</strong></span> <span class='ocrx_word' id='word_1_59' title='bbox 1437 759 1519 786; x_wconf 92' lang='lat' dir='ltr'><strong>non</strong></span> <span class='ocrx_word' id='word_1_60' title='bbox 1544 759 1640 804; x_wconf 87' lang='lat' dir='ltr'><strong>pro·</strong></span> 
     </span>
     <span class='ocr_line' id='line_1_9' title="bbox 282 811 733 857; baseline 0.009 -4"><span class='ocrx_word' id='word_1_61' title='bbox 282 811 450 855; x_wconf 82' lang='lat' dir='ltr'><strong>mittere</strong></span> <span class='ocrx_word' id='word_1_62' title='bbox 473 813 733 857; x_wconf 78' lang='lat' dir='ltr'><strong>conflictum.</strong></span> 
     </span>
    </p>

    <p class='ocr_par' dir='ltr' id='par_1_5' title="bbox 283 884 1639 1140">
     <span class='ocr_line' id='line_1_10' title="bbox 341 884 1639 943; baseline 0.002 -16"><span class='ocrx_word' id='word_1_63' title='bbox 341 884 550 927; x_wconf 78' lang='lat' dir='ltr'><strong>Palladius</strong></span> <span class='ocrx_word' id='word_1_64' title='bbox 571 886 673 928; x_wconf 83' lang='lat' dir='ltr'><strong>dixit</strong></span> <span class='ocrx_word' id='word_1_65' title='bbox 693 901 701 927; x_wconf 91' lang='lat'>:</span> <span class='ocrx_word' id='word_1_66' title='bbox 728 886 837 938; x_wconf 81' lang='lat' dir='ltr'><strong>Quia</strong></span> <span class='ocrx_word' id='word_1_67' title='bbox 861 886 976 943; x_wconf 84' lang='lat' dir='ltr'><strong>quasi</strong></span> <span class='ocrx_word' id='word_1_68' title='bbox 1001 888 1052 929; x_wconf 82' lang='lat' dir='ltr'><strong>ad</strong></span> <span class='ocrx_word' id='word_1_69' title='bbox 1072 886 1310 928; x_wconf 86' lang='lat' dir='ltr'><strong>Concilium</strong></span> <span class='ocrx_word' id='word_1_70' title='bbox 1328 886 1498 943; x_wconf 85' lang='lat' dir='ltr'><strong>plenum</strong></span> <span class='ocrx_word' id='word_1_71' title='bbox 1519 901 1639 929; x_wconf 88' lang='lat' dir='ltr'><strong>vene-</strong></span> 
     </span>
     <span class='ocr_line' id='line_1_11' title="bbox 283 955 1635 1005; baseline 0.001 -9"><span class='ocrx_word' id='word_1_72' title='bbox 283 969 390 1003; x_wconf 85' lang='lat' dir='ltr'><strong>ram,</strong></span> <span class='ocrx_word' id='word_1_73' title='bbox 412 955 495 997; x_wconf 88' lang='lat' dir='ltr'><strong>vidi</strong></span> <span class='ocrx_word' id='word_1_74' title='bbox 514 970 598 997; x_wconf 91' lang='lat' dir='ltr'><strong>non</strong></span> <span class='ocrx_word' id='word_1_75' title='bbox 617 957 861 998; x_wconf 86' lang='lat' dir='ltr'><strong>convenisse</strong></span> <span class='ocrx_word' id='word_1_76' title='bbox 883 965 1098 999; x_wconf 81' lang='lat' dir='ltr'>consortes</span> <span class='ocrx_word' id='word_1_77' title='bbox 1117 970 1253 1005; x_wconf 88' lang='lat' dir='ltr'><strong>meos,</strong></span> <span class='ocrx_word' id='word_1_78' title='bbox 1280 964 1325 997; x_wconf 94' lang='lat' dir='ltr'><strong>ut</strong></span> <span class='ocrx_word' id='word_1_79' title='bbox 1348 955 1635 1005; x_wconf 83' lang='lat' dir='ltr'><strong>convenirem,</strong></span> 
     </span>
     <span class='ocr_line' id='line_1_12' title="bbox 283 1025 1638 1085; baseline 0.001 -18"><span class='ocrx_word' id='word_1_80' title='bbox 283 1033 326 1068; x_wconf 85' lang='lat' dir='ltr'><strong>et</strong></span> <span class='ocrx_word' id='word_1_81' title='bbox 351 1025 536 1067; x_wconf 89' lang='lat' dir='ltr'><strong>dicerem</strong></span> <span class='ocrx_word' id='word_1_82' title='bbox 560 1028 793 1070; x_wconf 90' lang='lat' dir='ltr'><strong>secundum</strong></span> <span class='ocrx_word' id='word_1_83' title='bbox 818 1027 1049 1084; x_wconf 84' lang='lat' dir='ltr'><strong>jussionem</strong></span> <span class='ocrx_word' id='word_1_84' title='bbox 1076 1027 1251 1085; x_wconf 81' lang='lat' dir='ltr'><strong>ageretis</strong></span> <span class='ocrx_word' id='word_1_85' title='bbox 1277 1026 1318 1068; x_wconf 91' lang='lat' dir='ltr'><strong>in</strong></span> <span class='ocrx_word' id='word_1_86' title='bbox 1341 1025 1638 1082; x_wconf 71' lang='lat' dir='ltr'><strong>praejudicium</strong></span> 
     </span>
     <span class='ocr_line' id='line_1_13' title="bbox 284 1095 633 1140; baseline 0.006 -3"><span class='ocrx_word' id='word_1_87' title='bbox 284 1097 416 1138; x_wconf 87' lang='lat' dir='ltr'><strong>futuri</strong></span> <span class='ocrx_word' id='word_1_88' title='bbox 441 1095 633 1140; x_wconf 90' lang='lat' dir='ltr'><strong>Concilii.</strong></span> 
     </span>
    </p>

    <p class='ocr_par' dir='ltr' id='par_1_6' title="bbox 285 1167 1640 1369">
     <span class='ocr_line' id='line_1_14' title="bbox 341 1167 1636 1226; baseline 0.002 -18"><span class='ocrx_word' id='word_1_89' title='bbox 341 1167 436 1209; x_wconf 88' lang='lat' dir='ltr'><strong>XII.</strong></span> <span class='ocrx_word' id='word_1_90' title='bbox 474 1167 723 1210; x_wconf 85' lang='lat' dir='ltr'><strong>Ambrosius</strong></span> <span class='ocrx_word' id='word_1_91' title='bbox 741 1168 961 1226; x_wconf 87' lang='lat' dir='ltr'><strong>episcopus</strong></span> <span class='ocrx_word' id='word_1_92' title='bbox 980 1169 1108 1211; x_wconf 89' lang='lat' dir='ltr'><strong>dixit:</strong></span> <span class='ocrx_word' id='word_1_93' title='bbox 1128 1171 1180 1212; x_wconf 89' lang='lat' dir='ltr'><strong>Ut</strong></span> <span class='ocrx_word' id='word_1_94' title='bbox 1195 1171 1323 1214; x_wconf 88' lang='lat' dir='ltr'><strong>hodie</strong></span> <span class='ocrx_word' id='word_1_95' title='bbox 1341 1171 1636 1219; x_wconf 79' lang='lat' dir='ltr'><strong>resideremus,</strong></span> 
     </span>
     <span class='ocr_line' id='line_1_15' title="bbox 285 1238 1640 1300; baseline 0.003 -21"><span class='ocrx_word' id='word_1_96' title='bbox 285 1238 374 1295; x_wconf 85' lang='lat' dir='ltr'><strong>ipse</strong></span> <span class='ocrx_word' id='word_1_97' title='bbox 387 1238 571 1295; x_wconf 81' lang='lat' dir='ltr'><strong>exegisti.</strong></span> <span class='ocrx_word' id='word_1_98' title='bbox 590 1239 782 1296; x_wconf 88' lang='lat' dir='ltr'><strong>Denique</strong></span> <span class='ocrx_word' id='word_1_99' title='bbox 798 1240 923 1282; x_wconf 83' lang='lat' dir='ltr'><strong>etiam</strong></span> <span class='ocrx_word' id='word_1_100' title='bbox 943 1240 1069 1282; x_wconf 87' lang='lat' dir='ltr'><strong>hodie</strong></span> <span class='ocrx_word' id='word_1_101' title='bbox 1088 1241 1232 1299; x_wconf 89' lang='lat' dir='ltr'><strong>tuipse</strong></span> <span class='ocrx_word' id='word_1_102' title='bbox 1249 1242 1385 1285; x_wconf 76' lang='lat' dir='ltr'><strong>dixisti</strong></span> <span class='ocrx_word' id='word_1_103' title='bbox 1403 1242 1498 1300; x_wconf 84' lang='lat' dir='ltr'><strong>quia</strong></span> <span class='ocrx_word' id='word_1_104' title='bbox 1513 1241 1640 1283; x_wconf 86' lang='lat' dir='ltr'><strong>chris-</strong></span> 
     </span>
     <span class='ocr_line' id='line_1_16' title="bbox 285 1307 1634 1369; baseline 0.001 -19"><span class='ocrx_word' id='word_1_105' title='bbox 285 1307 386 1351; x_wconf 81' lang='lat' dir='ltr'><strong>tiani</strong></span> <span class='ocrx_word' id='word_1_106' title='bbox 400 1310 450 1351; x_wconf 83' lang='lat' dir='ltr'><strong>ad</strong></span> <span class='ocrx_word' id='word_1_107' title='bbox 465 1309 715 1352; x_wconf 82' lang='lat' dir='ltr'><strong>christianos</strong></span> <span class='ocrx_word' id='word_1_108' title='bbox 726 1310 930 1353; x_wconf 84' lang='lat' dir='ltr'><strong>venimus.</strong></span> <span class='ocrx_word' id='word_1_109' title='bbox 941 1310 1198 1353; x_wconf 80' lang='lat' dir='ltr'><strong>Christianos</strong></span> <span class='ocrx_word' id='word_1_110' title='bbox 1210 1312 1335 1369; x_wconf 81' lang='lat' dir='ltr'><strong>igitur</strong></span> <span class='ocrx_word' id='word_1_111' title='bbox 1348 1327 1422 1354; x_wconf 89' lang='lat' dir='ltr'><strong>nos</strong></span> <span class='ocrx_word' id='word_1_112' title='bbox 1437 1310 1634 1369; x_wconf 80' lang='lat' dir='ltr'><strong>probasti.</strong></span> 
     </span>
    </p>
   </div>
   <div class='ocr_carea' id='block_1_3' title="bbox 190 1378 1639 1440">
    <p class='ocr_par' dir='ltr' id='par_1_7' title="bbox 190 1378 1639 1440">
     <span class='ocr_line' id='line_1_17' title="bbox 190 1378 1639 1440; baseline 0.001 -18"><span class='ocrx_word' id='word_1_113' title='bbox 190 1400 193 1412; x_wconf 57' lang='grc' dir='ltr'><em>ι</em></span> <span class='ocrx_word' id='word_1_114' title='bbox 242 1407 246 1417; x_wconf 68' lang='lat'>2</span> <span class='ocrx_word' id='word_1_115' title='bbox 269 1378 514 1422; x_wconf 50' lang='lat' dir='ltr'><strong>¹Promisisti</strong></span> <span class='ocrx_word' id='word_1_116' title='bbox 538 1389 579 1423; x_wconf 84' lang='lat' dir='ltr'><strong>te</strong></span> <span class='ocrx_word' id='word_1_117' title='bbox 597 1380 940 1424; x_wconf 82' lang='lat' dir='ltr'><strong>conflictaturum</strong></span> <span class='ocrx_word' id='word_1_118' title='bbox 958 1414 969 1430; x_wconf 90' lang='lat'><strong>,</strong></span> <span class='ocrx_word' id='word_1_119' title='bbox 994 1381 1222 1440; x_wconf 83' lang='lat' dir='ltr'><strong>promisisti</strong></span> <span class='ocrx_word' id='word_1_120' title='bbox 1251 1391 1291 1425; x_wconf 90' lang='lat' dir='ltr'><strong>te</strong></span> <span class='ocrx_word' id='word_1_121' title='bbox 1319 1384 1541 1425; x_wconf 81' lang='lat' dir='ltr'><strong>allaturum</strong></span> <span class='ocrx_word' id='word_1_122' title='bbox 1568 1389 1639 1423; x_wconf 87' lang='lat' dir='ltr'><strong>aut</strong></span> 
     </span>
    </p>
   </div>
   <div class='ocr_carea' id='block_1_4' title="bbox 272 1452 1642 2647">
    <p class='ocr_par' dir='ltr' id='par_1_8' title="bbox 280 1452 1640 2004">
     <span class='ocr_line' id='line_1_18' title="bbox 287 1452 1637 1510; baseline 0.001 -18"><span class='ocrx_word' id='word_1_123' title='bbox 287 1455 605 1508; x_wconf 79' lang='lat' dir='ltr'><strong>acceptaturum</strong></span> <span class='ocrx_word' id='word_1_124' title='bbox 635 1467 725 1494; x_wconf 87' lang='lat' dir='ltr'><strong>esse</strong></span> <span class='ocrx_word' id='word_1_125' title='bbox 751 1452 972 1494; x_wconf 81' lang='lat' dir='ltr'><strong>rationem.</strong></span> <span class='ocrx_word' id='word_1_126' title='bbox 1004 1453 1201 1495; x_wconf 86' lang='lat' dir='ltr'><strong>Libenter</strong></span> <span class='ocrx_word' id='word_1_127' title='bbox 1227 1453 1366 1509; x_wconf 88' lang='lat' dir='ltr'><strong>itaque</strong></span> <span class='ocrx_word' id='word_1_128' title='bbox 1399 1453 1637 1510; x_wconf 79' lang='lat' dir='ltr'><strong>accepimus</strong></span> 
     </span>
     <span class='ocr_line' id='line_1_19' title="bbox 282 1521 1631 1582; baseline 0.002 -20"><span class='ocrx_word' id='word_1_129' title='bbox 282 1521 570 1582; x_wconf 69' lang='lat' dir='ltr'><strong>praefationem</strong></span> <span class='ocrx_word' id='word_1_130' title='bbox 584 1523 970 1580; x_wconf 75' lang='lat' dir='ltr'><strong>tuan].Optavimus</strong></span> <span class='ocrx_word' id='word_1_131' title='bbox 989 1532 1035 1565; x_wconf 87' lang='lat' dir='ltr'><strong>ut</strong></span> <span class='ocrx_word' id='word_1_132' title='bbox 1053 1523 1169 1579; x_wconf 85' lang='lat' dir='ltr'><strong>quasi</strong></span> <span class='ocrx_word' id='word_1_133' title='bbox 1192 1523 1445 1566; x_wconf 85' lang='lat' dir='ltr'><strong>christianus</strong></span> <span class='ocrx_word' id='word_1_134' title='bbox 1458 1524 1631 1566; x_wconf 83' lang='lat' dir='ltr'><strong>venires.</strong></span> 
     </span>
     <span class='ocr_line' id='line_1_20' title="bbox 283 1592 1638 1651; baseline 0.001 -17"><span class='ocrx_word' id='word_1_135' title='bbox 283 1592 430 1635; x_wconf 88' lang='lat' dir='ltr'><strong>Obtuli</strong></span> <span class='ocrx_word' id='word_1_136' title='bbox 455 1594 528 1635; x_wconf 88' lang='lat' dir='ltr'><strong>tibi</strong></span> <span class='ocrx_word' id='word_1_137' title='bbox 547 1595 765 1651; x_wconf 83' lang='lat' dir='ltr'><strong>epistolam</strong></span> <span class='ocrx_word' id='word_1_138' title='bbox 781 1594 915 1642; x_wconf 87' lang='lat' dir='ltr'><strong>Arrii,</strong></span> <span class='ocrx_word' id='word_1_139' title='bbox 931 1606 1057 1650; x_wconf 78' lang='lat' dir='ltr'><strong>quarn</strong></span> <span class='ocrx_word' id='word_1_140' title='bbox 1077 1594 1243 1651; x_wconf 83' lang='lat' dir='ltr'><strong>scripsit</strong></span> <span class='ocrx_word' id='word_1_141' title='bbox 1261 1594 1429 1643; x_wconf 84' lang='lat' dir='ltr'><strong>Arrius,</strong></span> <span class='ocrx_word' id='word_1_142' title='bbox 1444 1596 1495 1636; x_wconf 88' lang='lat' dir='ltr'><strong>de</strong></span> <span class='ocrx_word' id='word_1_143' title='bbox 1517 1594 1638 1650; x_wconf 86' lang='lat' dir='ltr'><strong>cujus</strong></span> 
     </span>
     <span class='ocr_line' id='line_1_21' title="bbox 280 1664 1639 1721; baseline 0 -15"><span class='ocrx_word' id='word_1_144' title='bbox 280 1664 453 1706; x_wconf 88' lang='lat' dir='ltr'><strong>nomine</strong></span> <span class='ocrx_word' id='word_1_145' title='bbox 478 1664 615 1706; x_wconf 85' lang='lat' dir='ltr'><strong>dicitis</strong></span> <span class='ocrx_word' id='word_1_146' title='bbox 643 1680 715 1706; x_wconf 92' lang='lat' dir='ltr'><strong>vos</strong></span> <span class='ocrx_word' id='word_1_147' title='bbox 748 1665 947 1721; x_wconf 79' lang='lat' dir='ltr'><strong>injuriam</strong></span> <span class='ocrx_word' id='word_1_148' title='bbox 981 1664 1223 1721; x_wconf 83' lang='lat' dir='ltr'><strong>frequenter</strong></span> <span class='ocrx_word' id='word_1_149' title='bbox 1245 1664 1464 1706; x_wconf 84' lang='lat' dir='ltr'><strong>sustinere.</strong></span> <span class='ocrx_word' id='word_1_150' title='bbox 1490 1664 1639 1707; x_wconf 89' lang='lat' dir='ltr'><strong>Dicitis</strong></span> 
     </span>
     <span class='ocr_line' id='line_1_22' title="bbox 281 1734 1639 1792; baseline 0.001 -17"><span class='ocrx_word' id='word_1_151' title='bbox 281 1735 396 1791; x_wconf 88' lang='lat' dir='ltr'><strong>quod</strong></span> <span class='ocrx_word' id='word_1_152' title='bbox 428 1734 598 1777; x_wconf 87' lang='lat' dir='ltr'><strong>Arrium</strong></span> <span class='ocrx_word' id='word_1_153' title='bbox 626 1750 709 1777; x_wconf 91' lang='lat' dir='ltr'><strong>non</strong></span> <span class='ocrx_word' id='word_1_154' title='bbox 747 1735 999 1792; x_wconf 80' lang='lat' dir='ltr'><strong>sequamini.</strong></span> <span class='ocrx_word' id='word_1_155' title='bbox 1037 1735 1172 1777; x_wconf 86' lang='lat' dir='ltr'><strong>Hodie</strong></span> <span class='ocrx_word' id='word_1_156' title='bbox 1209 1741 1350 1792; x_wconf 82' lang='lat' dir='ltr'><strong>aperta</strong></span> <span class='ocrx_word' id='word_1_157' title='bbox 1389 1734 1515 1776; x_wconf 88' lang='lat' dir='ltr'><strong>debet</strong></span> <span class='ocrx_word' id='word_1_158' title='bbox 1548 1749 1639 1776; x_wconf 82' lang='lat' dir='ltr'><strong>esse</strong></span> 
     </span>
     <span class='ocr_line' id='line_1_23' title="bbox 281 1805 1639 1861; baseline -0.001 -12"><span class='ocrx_word' id='word_1_159' title='bbox 281 1807 489 1849; x_wconf 80' lang='lat' dir='ltr'><strong>sententia</strong></span> <span class='ocrx_word' id='word_1_160' title='bbox 522 1822 531 1848; x_wconf 76' lang='lat' dir='ltr'><strong>t</strong></span> <span class='ocrx_word' id='word_1_161' title='bbox 575 1816 647 1849; x_wconf 80' lang='lat' dir='ltr'><strong>aut</strong></span> <span class='ocrx_word' id='word_1_162' title='bbox 679 1808 916 1849; x_wconf 81' lang='lat' dir='ltr'><strong>condemna</strong></span> <span class='ocrx_word' id='word_1_163' title='bbox 958 1807 1104 1854; x_wconf 88' lang='lat' dir='ltr'><strong>illum,</strong></span> <span class='ocrx_word' id='word_1_164' title='bbox 1134 1814 1206 1847; x_wconf 78' lang='lat' dir='ltr'><strong>aut</strong></span> <span class='ocrx_word' id='word_1_165' title='bbox 1246 1814 1387 1848; x_wconf 80' lang='lat' dir='ltr'><strong>astrue</strong></span> <span class='ocrx_word' id='word_1_166' title='bbox 1425 1805 1639 1861; x_wconf 77' lang='lat' dir='ltr'><strong>quibusvis</strong></span> 
     </span>
     <span class='ocr_line' id='line_1_24' title="bbox 282 1874 1640 1934; baseline -0.002 -15"><span class='ocrx_word' id='word_1_167' title='bbox 282 1877 549 1920; x_wconf 81' lang='lat' dir='ltr'><strong>lectionibus.</strong></span> <span class='ocrx_word' id='word_1_168' title='bbox 576 1878 628 1919; x_wconf 91' lang='lat' dir='ltr'><strong>Et</strong></span> <span class='ocrx_word' id='word_1_169' title='bbox 652 1878 836 1920; x_wconf 82' lang='lat' dir='ltr'><strong>addidit:</strong></span> <span class='ocrx_word' id='word_1_170' title='bbox 855 1877 965 1934; x_wconf 84' lang='lat' dir='ltr'><strong>Ergo</strong></span> <span class='ocrx_word' id='word_1_171' title='bbox 987 1875 1103 1932; x_wconf 83' lang='lat' dir='ltr'><strong>juxta</strong></span> <span class='ocrx_word' id='word_1_172' title='bbox 1128 1875 1346 1932; x_wconf 83' lang='lat' dir='ltr'><strong>epistolam</strong></span> <span class='ocrx_word' id='word_1_173' title='bbox 1369 1874 1480 1917; x_wconf 85' lang='lat' dir='ltr'><strong>Arrii</strong></span> <span class='ocrx_word' id='word_1_174' title='bbox 1501 1874 1640 1917; x_wconf 87' lang='lat' dir='ltr'><strong>Chris-</strong></span> 
     </span>
     <span class='ocr_line' id='line_1_25' title="bbox 280 1947 1117 2004; baseline -0.004 -15"><span class='ocrx_word' id='word_1_175' title='bbox 280 1955 346 1989; x_wconf 87' lang='lat' dir='ltr'><strong>tus</strong></span> <span class='ocrx_word' id='word_1_176' title='bbox 367 1947 443 1989; x_wconf 90' lang='lat' dir='ltr'><strong>Dei</strong></span> <span class='ocrx_word' id='word_1_177' title='bbox 460 1947 590 1990; x_wconf 88' lang='lat' dir='ltr'><strong>Filius</strong></span> <span class='ocrx_word' id='word_1_178' title='bbox 612 1962 696 1989; x_wconf 89' lang='lat' dir='ltr'><strong>non</strong></span> <span class='ocrx_word' id='word_1_179' title='bbox 723 1955 787 1989; x_wconf 88' lang='lat' dir='ltr'><strong>est</strong></span> <span class='ocrx_word' id='word_1_180' title='bbox 809 1947 1117 2004; x_wconf 73' lang='lat' dir='ltr'><strong>sempiternus?</strong></span> 
     </span>
    </p>

    <p class='ocr_par' dir='ltr' id='par_1_9' title="bbox 281 2016 1639 2218">
     <span class='ocr_line' id='line_1_26' title="bbox 337 2016 1636 2075; baseline -0.002 -14"><span class='ocrx_word' id='word_1_181' title='bbox 337 2019 546 2061; x_wconf 80' lang='lat' dir='ltr'><strong>Palladius</strong></span> <span class='ocrx_word' id='word_1_182' title='bbox 567 2019 692 2061; x_wconf 88' lang='lat' dir='ltr'><strong>dixit:</strong></span> <span class='ocrx_word' id='word_1_183' title='bbox 712 2019 795 2062; x_wconf 90' lang='lat' dir='ltr'><strong>Nos</strong></span> <span class='ocrx_word' id='word_1_184' title='bbox 815 2019 994 2060; x_wconf 82' lang='lat' dir='ltr'><strong>diximus</strong></span> <span class='ocrx_word' id='word_1_185' title='bbox 1013 2018 1264 2075; x_wconf 81' lang='lat' dir='ltr'><strong>probaturos</strong></span> <span class='ocrx_word' id='word_1_186' title='bbox 1282 2031 1357 2058; x_wconf 93' lang='lat' dir='ltr'><strong>nos</strong></span> <span class='ocrx_word' id='word_1_187' title='bbox 1371 2016 1636 2065; x_wconf 79' lang='lat' dir='ltr'><strong>christianos,</strong></span> 
     </span>
     <span class='ocr_line' id='line_1_27' title="bbox 281 2087 1639 2147; baseline -0.002 -14"><span class='ocrx_word' id='word_1_188' title='bbox 281 2090 354 2133; x_wconf 89' lang='lat' dir='ltr'><strong>sed</strong></span> <span class='ocrx_word' id='word_1_189' title='bbox 378 2090 419 2131; x_wconf 92' lang='lat' dir='ltr'><strong>in</strong></span> <span class='ocrx_word' id='word_1_190' title='bbox 443 2091 631 2133; x_wconf 87' lang='lat' dir='ltr'><strong>Concilio</strong></span> <span class='ocrx_word' id='word_1_191' title='bbox 647 2092 788 2147; x_wconf 89' lang='lat' dir='ltr'><strong>pleno.</strong></span> <span class='ocrx_word' id='word_1_192' title='bbox 816 2089 906 2132; x_wconf 81' lang='lat' dir='ltr'><strong>Non</strong></span> <span class='ocrx_word' id='word_1_193' title='bbox 930 2089 1048 2131; x_wconf 85' lang='lat' dir='ltr'><strong>vobis</strong></span> <span class='ocrx_word' id='word_1_194' title='bbox 1072 2088 1378 2145; x_wconf 84' lang='lat' dir='ltr'><strong>respondemus</strong></span> <span class='ocrx_word' id='word_1_195' title='bbox 1402 2087 1573 2129; x_wconf 86' lang='lat' dir='ltr'><strong>omniuo</strong></span> <span class='ocrx_word' id='word_1_196' title='bbox 1598 2088 1639 2130; x_wconf 89' lang='lat' dir='ltr'><strong>in</strong></span> 
     </span>
     <span class='ocr_line' id='line_1_28' title="bbox 281 2159 944 2218; baseline -0.002 -16"><span class='ocrx_word' id='word_1_197' title='bbox 281 2161 577 2218; x_wconf 85' lang='lat' dir='ltr'><strong>praejudicium</strong></span> <span class='ocrx_word' id='word_1_198' title='bbox 599 2160 776 2203; x_wconf 89' lang='lat' dir='ltr'><strong>Concilii</strong></span> <span class='ocrx_word' id='word_1_199' title='bbox 800 2159 944 2202; x_wconf 85' lang='lat' dir='ltr'><strong>futuri.</strong></span> 
     </span>
    </p>

    <p class='ocr_par' dir='ltr' id='par_1_10' title="bbox 287 2227 1641 2358">
     <span class='ocr_line' id='line_1_29' title="bbox 336 2227 1641 2289; baseline -0.002 -17"><span class='ocrx_word' id='word_1_200' title='bbox 336 2231 544 2274; x_wconf 88' lang='lat' dir='ltr'><strong>Eusebius</strong></span> <span class='ocrx_word' id='word_1_201' title='bbox 565 2231 792 2289; x_wconf 88' lang='lat' dir='ltr'><strong>episcopus</strong></span> <span class='ocrx_word' id='word_1_202' title='bbox 813 2230 942 2273; x_wconf 90' lang='lat' dir='ltr'><strong>dixit:</strong></span> <span class='ocrx_word' id='word_1_203' title='bbox 962 2229 1062 2271; x_wconf 88' lang='lat' dir='ltr'><strong>Sine</strong></span> <span class='ocrx_word' id='word_1_204' title='bbox 1081 2229 1311 2272; x_wconf 80' lang='lat' dir='ltr'><strong>calliditate</strong></span> <span class='ocrx_word' id='word_1_205' title='bbox 1330 2227 1429 2272; x_wconf 81' lang='lat' dir='ltr'><strong>fidei</strong></span> <span class='ocrx_word' id='word_1_206' title='bbox 1451 2237 1532 2271; x_wconf 75' lang='lat' dir='ltr'><strong>t-uae·</strong></span> <span class='ocrx_word' id='word_1_207' title='bbox 1548 2243 1641 2287; x_wconf 47' lang='lat' dir='ltr'><strong>pro*</strong></span> 
     </span>
     <span class='ocr_line' id='line_1_30' title="bbox 287 2299 907 2358; baseline 0.002 -17"><span class='ocrx_word' id='word_1_208' title='bbox 287 2299 511 2342; x_wconf 83' lang='lat' dir='ltr'><strong>sessionem</strong></span> <span class='ocrx_word' id='word_1_209' title='bbox 535 2302 663 2343; x_wconf 86' lang='lat' dir='ltr'><strong>debes</strong></span> <span class='ocrx_word' id='word_1_210' title='bbox 684 2316 907 2358; x_wconf 82' lang='lat' dir='ltr'><strong>exponere.</strong></span> 
     </span>
    </p>

    <p class='ocr_par' dir='ltr' id='par_1_11' title="bbox 340 2368 1434 2427">
     <span class='ocr_line' id='line_1_31' title="bbox 340 2368 1434 2427; baseline -0.003 -13"><span class='ocrx_word' id='word_1_211' title='bbox 340 2371 554 2414; x_wconf 80' lang='lat' dir='ltr'><strong>Palladius</strong></span> <span class='ocrx_word' id='word_1_212' title='bbox 578 2371 680 2413; x_wconf 86' lang='lat' dir='ltr'><strong>dixit</strong></span> <span class='ocrx_word' id='word_1_213' title='bbox 701 2387 709 2413; x_wconf 90' lang='lat'>:</span> <span class='ocrx_word' id='word_1_214' title='bbox 734 2371 786 2413; x_wconf 89' lang='lat' dir='ltr'><strong>Et</strong></span> <span class='ocrx_word' id='word_1_215' title='bbox 812 2372 911 2427; x_wconf 85' lang='lat' dir='ltr'><strong>quid</strong></span> <span class='ocrx_word' id='word_1_216' title='bbox 931 2370 1123 2413; x_wconf 86' lang='lat' dir='ltr'><strong>Concilio</strong></span> <span class='ocrx_word' id='word_1_217' title='bbox 1139 2368 1434 2412; x_wconf 74' lang='lat' dir='ltr'><strong>reservamus?</strong></span> 
     </span>
    </p>

    <p class='ocr_par' dir='ltr' id='par_1_12' title="bbox 272 2441 1642 2647">
     <span class='ocr_line' id='line_1_32' title="bbox 343 2441 1641 2500; baseline -0.002 -15"><span class='ocrx_word' id='word_1_218' title='bbox 343 2441 461 2485; x_wconf 87' lang='lat' dir='ltr'><strong>XIII.</strong></span> <span class='ocrx_word' id='word_1_219' title='bbox 497 2443 748 2485; x_wconf 86' lang='lat' dir='ltr'><strong>Ambrosius</strong></span> <span class='ocrx_word' id='word_1_220' title='bbox 772 2443 996 2500; x_wconf 86' lang='lat' dir='ltr'><strong>episcopus</strong></span> <span class='ocrx_word' id='word_1_221' title='bbox 1030 2442 1131 2484; x_wconf 86' lang='lat' dir='ltr'><strong>dixit</strong></span> <span class='ocrx_word' id='word_1_222' title='bbox 1155 2457 1162 2483; x_wconf 96' lang='lat'><strong>:</strong></span> <span class='ocrx_word' id='word_1_223' title='bbox 1190 2443 1317 2484; x_wconf 78' lang='lat' dir='ltr'><strong>Omni</strong></span> <span class='ocrx_word' id='word_1_224' title='bbox 1338 2457 1410 2483; x_wconf 89' lang='lat' dir='ltr'><strong>ore</strong></span> <span class='ocrx_word' id='word_1_225' title='bbox 1435 2443 1641 2484; x_wconf 89' lang='lat' dir='ltr'><strong>condem—</strong></span> 
     </span>
     <span class='ocr_line' id='line_1_33' title="bbox 278 2511 1641 2569; baseline 0.001 -17"><span class='ocrx_word' id='word_1_226' title='bbox 278 2512 393 2553; x_wconf 74' lang='lat' dir='ltr'><strong>natio</strong></span> <span class='ocrx_word' id='word_1_227' title='bbox 415 2511 523 2554; x_wconf 77' lang='lat' dir='ltr'><strong>facta</strong></span> <span class='ocrx_word' id='word_1_228' title='bbox 546 2521 609 2555; x_wconf 90' lang='lat' dir='ltr'><strong>est</strong></span> <span class='ocrx_word' id='word_1_229' title='bbox 637 2512 678 2554; x_wconf 87' lang='lat' dir='ltr'><strong>in</strong></span> <span class='ocrx_word' id='word_1_230' title='bbox 709 2528 806 2554; x_wconf 89' lang='lat' dir='ltr'><strong>eum</strong></span> <span class='ocrx_word' id='word_1_231' title='bbox 822 2546 832 2562; x_wconf 94' lang='lat'><em>‚</em></span> <span class='ocrx_word' id='word_1_232' title='bbox 856 2514 928 2569; x_wconf 89' lang='lat' dir='ltr'><strong>qui</strong></span> <span class='ocrx_word' id='word_1_233' title='bbox 951 2520 1124 2569; x_wconf 82' lang='lat' dir='ltr'><strong>negaret</strong></span> <span class='ocrx_word' id='word_1_234' title='bbox 1149 2512 1225 2553; x_wconf 88' lang='lat' dir='ltr'><strong>Dei</strong></span> <span class='ocrx_word' id='word_1_235' title='bbox 1248 2511 1401 2554; x_wconf 85' lang='lat' dir='ltr'><strong>Filium</strong></span> <span class='ocrx_word' id='word_1_236' title='bbox 1421 2511 1641 2569; x_wconf 88' lang='lat' dir='ltr'><strong>sempiter-</strong></span> 
     </span>
     <span class='ocr_line' id='line_1_34' title="bbox 272 2581 1642 2647; baseline 0 -24"><span class='ocrx_word' id='word_1_237' title='bbox 272 2595 392 2627; x_wconf 84' lang='lat' dir='ltr'><strong>num.</strong></span> <span class='ocrx_word' id='word_1_238' title='bbox 423 2581 598 2647; x_wconf 77' lang='lat' dir='ltr'><strong>Negavit</strong></span> <span class='ocrx_word' id='word_1_239' title='bbox 627 2582 802 2633; x_wconf 87' lang='lat' dir='ltr'><strong>Arrius,</strong></span> <span class='ocrx_word' id='word_1_240' title='bbox 834 2583 949 2626; x_wconf 87' lang='lat' dir='ltr'><strong>hunc</strong></span> <span class='ocrx_word' id='word_1_241' title='bbox 977 2582 1168 2639; x_wconf 84' lang='lat' dir='ltr'><strong>sequitur</strong></span> <span class='ocrx_word' id='word_1_242' title='bbox 1191 2581 1424 2630; x_wconf 79' lang='lat' dir='ltr'><strong>Palladius,</strong></span> <span class='ocrx_word' id='word_1_243' title='bbox 1455 2581 1526 2638; x_wconf 90' lang='lat' dir='ltr'><strong>qui</strong></span> <span class='ocrx_word' id='word_1_244' title='bbox 1557 2597 1642 2625; x_wconf 90' lang='lat' dir='ltr'><strong>non</strong></span> 
     </span>
    </p>
   </div>
  </div>
 </body>
</html>
