1774 3158
474 267 758 298 EPISTOLARUM
791 268 948 300 CLASSIS
980 272 1007 300 1.
1352 264 1435 320 397

91 346 164 388 His
179 359 246 388 me
267 347 465 388 delectari
488 362 610 404 posse
628 348 844 390 credidisti
859 348 876 390 Ρ
891 350 956 392 his
976 351 1194 394 revocari?
1215 353 1312 397 Hoec
1341 365 1440 399 sunt

93 430 184 472 quae
203 430 278 472 ego
290 415 373 473 fugi
390 431 398 457 :
418 431 496 458 nec
510 432 658 459 vereor
670 418 894 459 verborum
911 427 1075 461 tuorum
1091 420 1300 466 invidiam.
1320 424 1442 482 Fugi,

92 501 146 528 ne
166 501 233 528 me
255 488 350 529 talia
367 497 664 544 sequerentur,
686 504 738 530 ne
758 489 859 544 quid
878 491 930 531 de
946 491 1023 532 tuis
1039 491 1246 548 accipiens
1266 494 1436 537 abirem.

152 557 268 599 XIII.
306 557 396 599 Non
437 558 548 600 enim
590 559 743 600 talibus
781 558 1083 602 deductoribus
1127 563 1178 603 ad
1215 563 1444 606 Ecclesiam

96 626 247 668 Christi
266 629 509 683 pervenitur
529 663 535 676 ,
557 630 608 670 ad
629 643 755 685 quam
781 629 980 670 tendebat
999 630 1154 679 Jacob3
1181 641 1225 674 ut
1246 649 1294 674 co
1318 635 1444 675 dedu·

96 703 209 737 cerct
232 698 482 753 populorum
502 698 659 754 copias,
681 698 1129 740 inveheretnationum
1152 701 1313 743 divitias
1328 736 1338 751 ,
1355 719 1446 759 pos-

97 766 573 816 teritateminsunderet,
588 766 748 825 fugiens
762 768 1126 810 umbrasinanium
1141 773 1448 828 rerum,proese-

97 850 193 877 reus
222 837 533 879 insensibilibus
565 838 805 879 simulacris
830 838 1033 879 virtutum
1073 839 1300 896 spirantem
1322 842 1443 883 deco-

98 921 204 954 rem,
216 908 507 963 plausibilibus
522 923 770 965 praeponens
784 908 1451 966 seria.l⁷ideseni11]quemadmo—

100 976 198 1017 dum
212 977 399 1019 convivia
418 978 592 1033 gentiles
610 977 942 1025 adornant,sesta
957 979 1299 1022 annuntient:sed
1313 997 1356 1022 ea
1376 981 1453 1038 piis

99 1049 310 1089 mentibus
337 1048 549 1090 infestiora
579 1058 702 1096 sunt;
736 1048 830 1105 quia
854 1048 901 1090 iis
930 1049 1117 1105 plerique
1150 1051 1418 1107 decipiuntur
1437 1086 1447 1102 ‚

101 1117 294 1158 dulcibus
319 1118 544 1175 capiuntur
570 1117 705 1175 epulis
722 1151 732 1166 ‚
766 1118 992 1175 capiuntur
1013 1120 1255 1161 saltantium
1279 1121 1417 1162 choris
1441 1137 1449 1163 :

102 1187 201 1228 dum
231 1187 390 1243 jejunia
427 1198 568 1230 nostra
597 1188 789 1245 fugiunt,
819 1190 917 1230 dum
942 1203 988 1230 ea
1013 1188 1090 1230 sibi
1114 1204 1257 1246 aspera
1281 1200 1451 1248 putant,

101 1259 199 1299 dum
226 1260 390 1315 corpori
409 1260 530 1301 noxia
545 1268 587 1301 et
608 1260 784 1301 molesta
810 1259 1081 1301 arbitrantur.

159 1327 271 1370 XIV.
309 1330 373 1370 An
399 1330 593 1386 opinatus
615 1345 656 1371 es
691 1330 787 1386 quia
814 1344 961 1370 aurum
989 1338 1105 1370 tuum
1139 1330 1456 1373 desiderarem?

102 1396 185 1439 Sed
212 1414 294 1440 non
317 1399 446 1441 habes
466 1415 613 1441 aurum
641 1399 734 1456 igne
757 1399 1064 1448 examinatum,
1100 1416 1183 1456 quo
1217 1401 1315 1457 justi
1355 1418 1456 1459 pro-

103 1467 298 1510 bantur1.
328 1468 392 1510 An
419 1469 513 1525 quia
545 1477 764 1525 argentum
785 1469 1016 1523 cuperem?
1035 1467 1118 1509 Sed
1136 1484 1217 1510 non
1240 1470 1369 1512 habes
1394 1487 1458 1513 ar-

104 1545 274 1592 gentum
293 1570 302 1587 ,
325 1538 395 1593 qui
421 1552 502 1579 non
525 1538 652 1579 habes
675 1539 942 1594 splendorem
967 1537 1135 1593 alloquii
1159 1540 1350 1581 coelestis.
1374 1540 1458 1583 Sed

104 1606 278 1648 sortasse
301 1609 462 1664 speravi
487 1610 600 1664 quod
620 1608 825 1663 adjiceres
847 1607 951 1648 mihi
971 1608 1021 1648 ad
1039 1608 1288 1663 obsequium
1313 1625 1459 1651 servu-

105 1678 166 1719 los
204 1676 326 1718 tuos?
358 1678 444 1734 Ego
483 1693 581 1719 vero
609 1679 763 1719 liberos
788 1691 953 1733 quaero,
978 1676 1092 1732 fugio
1117 1693 1256 1720 servos
1279 1681 1454 1735 peccati.

107 1747 189 1789 Sed
208 1747 314 1788 sorte
335 1748 510 1789 comites
528 1747 710 1794 itineris,
735 1755 776 1788 et
800 1748 927 1787 duces
956 1746 1115 1787 viarum
1134 1749 1356 1789 necessarii
1375 1749 1462 1791 sue·

107 1816 227 1857 runt?
253 1817 416 1858 Utinam
436 1817 550 1873 sequi
572 1817 767 1874 possent!
795 1831 871 1872 ego
895 1815 973 1857 illis
995 1825 1273 1858 monstrarem
1291 1818 1461 1861 Domini

109 1887 206 1929 vias.
234 1887 318 1929 Sed
339 1888 410 1943 qui
432 1888 566 1929 Deum
584 1886 752 1928 nescitis
767 1920 776 1935 ‚
797 1887 882 1927 vias
905 1885 996 1942 ejus
1018 1889 1232 1943 quomodo
1255 1888 1461 1931 novistis?

110 1959 205 2001 vias
239 1958 329 2014 ejus
366 1958 660 2014 ingrediuntur
682 1956 804 1998 electi
835 1955 1014 1997 Domino
1043 1971 1052 1997 ε
1079 1957 1164 1998 non
1204 1958 1462 2016 quicumque

111 2028 267 2070 intrant
292 2043 359 2070 eas
373 2061 382 2076 ‚
404 2029 477 2069 sed
496 2036 634 2069 tamen
652 2040 778 2068 nemo
800 2026 1050 2067 excluditur.

169 2097 260 2140 XV.
300 2097 508 2154 Sequatur
524 2097 593 2153 qui
612 2104 780 2153 paratus
802 2105 885 2144 est,
921 2096 1181 2152 ingrediatur
1203 2098 1307 2140 viam
1323 2131 1334 2148 ,
1370 2116 1461 2157 quae

114 2167 230 2209 ducit
252 2168 303 2208 ad
320 2166 678 2222 Mesopotamitirm
701 2165 930 2221 utquieam
946 2165 1070 2222 petit,
1093 2181 1167 2222 per
1184 2183 1310 2223 aquas
1326 2177 1463 2211 trans-

116 2245 183 2278 eat
203 2269 213 2284 ,
239 2252 365 2292 aquas
387 2236 520 2292 Tigris
540 2244 663 2292 atque
685 2235 911 2292 Euphratae
926 2266 937 2283 ‚
959 2235 1215 2277 fortitudinis
1239 2246 1362 2293 atque
1377 2238 1467 2294 jus—

118 2308 241 2355 tiriae,
265 2322 340 2363 per
354 2308 562 2362 lacrymas
584 2306 842 2363 poenitentiae
859 2337 870 2354 ,
897 2305 1152 2361 baptismum
1171 2308 1328 2362 gratiae.
1349 2309 1396 2350 ln
1418 2325 1467 2351 ea

120 2386 183 2418 est
204 2378 266 2418 via
293 2378 501 2418 exercitus
523 2376 622 2426 Dei;
643 2391 789 2418 omnes
813 2375 925 2418 enim
950 2376 1021 2432 qui
1044 2384 1140 2418 sunt
1175 2376 1217 2417 in
1252 2377 1439 2420 Ecclesia
1460 2412 1470 2427 ,

119 2446 208 2489 Deo
230 2447 424 2488 militant.
447 2446 495 2488 In
517 2462 565 2488 ea
583 2455 645 2489 est
668 2462 769 2504 grex
786 2446 854 2488 ille
881 2446 1052 2503 insignis
1075 2446 1332 2489 diversarum
1350 2448 1476 2490 virtu-

122 2524 214 2559 tum
229 2549 240 2567 ‚
260 2532 387 2574 quem
399 2517 530 2562 Jacob
541 2517 619 2562 sibi
635 2517 775 2574 elegit3
797 2516 934 2561 omnis
948 2516 1061 2562 enim
1074 2516 1164 2561 sine
1181 2516 1297 2574 signo
1315 2517 1471 2568 anima,

171 2617 180 2632 ¹
201 2609 282 2642 Psal.
300 2621 344 2647 xi,
358 2620 392 2653 7.
