1774 3158
286 262 339 314 54
826 276 856 304 s.
898 276 1086 304 AMBROSH

282 355 407 398 vitem
433 355 879 412 resurgeretsurculus
906 355 1118 403 inseritur,
1141 355 1264 396 arbor
1284 354 1530 397 renascitur.
1559 354 1624 399 An

283 424 334 465 de
356 425 599 482 reparandis
627 425 846 467 arboribus
869 425 1005 466 divina
1027 433 1088 467 est
1110 425 1388 482 providentia,
1419 425 1469 466 de
1494 425 1624 467 homi-

282 484 407 537 bibus
423 497 537 538 nulla
555 496 683 538 cura?
704 496 756 538 Et
778 496 848 552 qui
872 510 918 536 ea
939 508 1028 550 quae
1052 495 1103 536 ad
1126 510 1223 537 usus
1247 495 1466 536 hominum
1493 494 1622 545 dedit,

280 566 419 621 perire
433 581 517 609 non
538 581 681 624 passus
704 575 790 614 est,
814 565 1028 608 hominem
1051 565 1187 622 perire
1204 565 1401 622 patietur,
1425 580 1549 621 quem
1574 567 1626 607 ad

278 634 504 691 imaginem
521 637 583 679 sui
603 636 732 679 fecit?

336 706 458 749 LVII.
498 706 581 748 Sed
612 705 857 748 incredibile
884 705 958 746 tibi
988 705 1176 754 videtur,
1206 715 1252 748 ut
1274 706 1430 748 mortui
1463 706 1626 748 revivis-

281 785 378 818 cant
397 789 408 817 t
427 795 442 812 «
458 776 660 832 Insipiens
679 784 723 817 tu
741 776 827 832 ipse
847 777 960 831 quod
982 776 1178 824 seminas,
1203 791 1343 818 nonne
1369 775 1483 833 prius
1503 776 1626 818 mori-

276 864 293 885 »
308 854 398 894 tur,
425 854 471 888 ut
499 845 788 888 vivificetur¹?
807 846 936 888 »Sere
958 847 1190 902 quemlibet
1210 847 1394 889 fructum
1423 856 1625 895 arentem,

280 916 568 959 resuscitatur.
591 916 674 958 Sed
694 915 822 957 habet
841 930 1026 957 succum.
1049 915 1102 958 Et
1117 925 1307 958 nostrum
1332 932 1483 973 corpus
1501 917 1627 959 habet

277 988 522 1044 sanguinem
539 1003 679 1035 suum,
698 988 825 1029 habet
840 988 1061 1029 humorem
1080 1003 1215 1029 suum.
1236 987 1310 1029 Hic
1328 988 1460 1029 nostri
1476 1003 1626 1030 succus

279 1066 341 1100 est
359 1058 562 1115 corporis.
591 1058 711 1099 Unde
739 1057 842 1099 illud
868 1072 1036 1114 quoque
1051 1058 1267 1114 explosum
1293 1058 1490 1106 arbitror,
1514 1059 1627 1114 quod

280 1135 466 1170 arentem
493 1129 709 1169 surculum
743 1127 912 1183 quidam
945 1128 1192 1169 reviviscere
1223 1135 1398 1184 negant,
1427 1128 1551 1184 idque
1576 1129 1626 1169 ad

276 1197 571 1255 praejudicium
606 1197 742 1239 carnis
780 1197 968 1239 derivare
1005 1198 1211 1239 nituntur.
1253 1198 1344 1240 Non
1384 1199 1495 1239 enim
1529 1213 1626 1240 caro

276 1268 407 1315 arida,
427 1282 524 1309 cum
546 1282 645 1310 caro
664 1267 800 1310 omnis
819 1267 957 1309 elimo
976 1267 1042 1314 sit,
1063 1268 1186 1309 limus
1203 1268 1244 1309 in
1260 1268 1453 1317 humore,
1473 1268 1626 1310 humor

276 1353 299 1380 e
318 1337 452 1379 terris.
484 1338 678 1394 Denique
699 1339 830 1380 multa
853 1338 1063 1395 gignentia
1086 1338 1275 1394 quamvis
1296 1337 1383 1395 jugi
1404 1339 1626 1380 serenitate

276 1407 408 1449 humo
443 1407 558 1449 arida
600 1423 858 1463 arenosaque
891 1416 1148 1456 nascuntur3
1186 1408 1382 1464 quoniam
1422 1408 1509 1465 ipsa
1548 1408 1625 1450 sibi

278 1486 390 1519 terra
419 1477 642 1519 humorem
674 1478 841 1520 sufficit.
876 1477 985 1519 Num
1015 1477 1143 1535 igitur
1175 1479 1215 1519 in
1245 1478 1486 1519 hominibus
1515 1486 1625 1519 terra

276 1550 519 1605 degenerat,
539 1564 631 1604 quae
653 1549 792 1591 omnia
816 1563 1063 1605 regenerare
1085 1548 1331 1590 consuevit?
1358 1548 1474 1590 Unde
1496 1549 1626 1590 claret

272 1634 358 1662 non
391 1634 482 1661 esse
515 1619 796 1662 dubitandum
834 1618 946 1675 quod
977 1620 1212 1660 secundum
1247 1626 1441 1660 naturam
1475 1619 1621 1675 magia

270 1706 394 1748 quam
421 1699 569 1733 contra
590 1698 784 1732 naturam
816 1697 904 1738 est3
936 1704 986 1731 ex
1009 1698 1157 1731 natura
1181 1690 1292 1731 enim
1315 1699 1377 1732 est
1405 1704 1624 1747 resurgere

271 1761 486 1804 nascentia
503 1760 643 1802 omnia
662 1776 670 1802 :
688 1768 836 1802 contra
852 1769 1045 1801 naturam
1064 1768 1126 1802 est
1143 1760 1325 1801 interire.
1557 1807 1560 1811 ¹

328 1829 472 1874 LVIII.
512 1829 712 1886 Sequitur
737 1829 842 1871 illud
863 1831 973 1886 quod
992 1830 1166 1887 gentiles
1189 1831 1441 1886 plerumque
1461 1838 1623 1886 pertur-

271 1901 360 1949 bat,
385 1901 599 1957 quomodo
622 1898 712 1941 fieri
738 1900 867 1957 possit
889 1909 935 1941 ut
956 1915 1060 1956 quos
1082 1914 1198 1940 mare
1217 1899 1498 1944 absorbuerit,
1526 1898 1622 1940 serae

272 1970 609 2019 dilaceraverint,
639 1971 783 2012 bestiae
813 1971 1118 2018 devoraverint,
1153 1978 1260 2011 terra
1287 1969 1492 2011 restituat.
1526 1970 1622 2021 Quo

273 2040 329 2083 ita
353 2041 524 2087 demum
545 2039 734 2081 veniatur
758 2054 929 2081 necesse
944 2048 1021 2087 est,
1046 2048 1092 2081 ut
1118 2054 1202 2081 non
1229 2040 1280 2081 de
1302 2038 1385 2080 fide
1405 2054 1622 2081 resurrec-

270 2109 411 2159 tionis,
436 2110 510 2151 sed
531 2111 583 2152 de
603 2118 722 2167 parte
745 2110 975 2152 dubitetur.
1004 2110 1104 2151 Esto
1132 2109 1246 2151 enim
1273 2118 1316 2150 ut
1339 2111 1621 2151 laceratorum

271 2195 450 2237 corpora
471 2195 558 2222 non
578 2189 814 2236 resurgant,
842 2188 1067 2237 resurgunt
1089 2179 1225 2221 caeteri
1242 2194 1250 2220 :
1267 2194 1345 2220 nec
1369 2178 1619 2219 resurrectio

270 2251 515 2298 destruitur,
540 2249 573 2291 si
596 2250 782 2292 conditio
810 2251 1027 2307 excipitur.
1061 2249 1190 2291 Miror
1211 2258 1351 2291 tamen
1379 2265 1456 2290 cur
1476 2250 1542 2290 vel
1568 2249 1619 2290 de

270 2320 334 2362 his
356 2319 635 2362 dubitandum
663 2329 833 2377 putent,
858 2320 975 2376 quasi
1005 2335 1090 2361 non
1121 2319 1263 2361 omnia
1292 2334 1383 2374 quae
1415 2333 1465 2359 ex
1498 2319 1618 2359 terris

271 2399 385 2441 sunt,
410 2392 452 2432 in
478 2400 631 2434 terram
653 2391 841 2440 redeant,
864 2399 905 2432 et
921 2392 961 2432 in
980 2399 1134 2432 terram
1154 2388 1454 2431 resolvantur2.
1478 2389 1618 2431 »Mare

271 2477 439 2518 quoque
472 2461 609 2518 ipsum
639 2476 917 2518 quaecumque
941 2476 1118 2518 corpora
1141 2460 1325 2502 humana
1355 2459 1615 2506 demerserit,

266 2532 412 2575 vicinis
448 2532 590 2589 expuit
619 2533 731 2574 unda
770 2533 1017 2590 plerumque
1053 2531 1280 2574 littoribus.
1322 2531 1448 2582 Quod
1481 2530 1523 2572 ni
1561 2529 1614 2571 ita

316 2622 325 2637 ¹
356 2625 366 2645 1
381 2614 458 2645 Cor.
477 2623 530 2652 xv,
548 2613 602 2644 56.
618 2631 656 2637 —
674 2623 686 2637 ²
710 2613 899 2652 Eccles,1n‚
921 2624 975 2645 20.
