1774 3158
316 258 400 306 440
858 271 888 297 s.
929 269 1120 299 Aunnosu

315 347 378 388 sui
399 379 410 394 ‚
444 347 658 403 quomodo
682 347 759 390 alia
781 349 972 391 membra
994 381 1004 397 ,
1044 349 1144 392 licet
1173 352 1386 408 superiora
1402 385 1413 401 ‚
1443 368 1527 396 non
1549 369 1660 398 com-

315 416 536 473 patiuntur
553 417 756 460 membris
779 419 902 460 unius
929 419 1116 476 corporis
1133 421 1450 464 laborantibus?

377 487 488 530 VIII.
527 489 645 530 Unde
671 498 773 546 puto
799 490 950 532 dixisse
980 490 1226 547 Apostolum
1251 493 1347 548 quia
1370 502 1470 535 tunc
1500 502 1540 536 et
1577 495 1664 552 ipse

314 559 447 600 Filius
471 559 687 615 subjectus
708 560 811 608 erit,
837 561 908 617 qui
932 561 969 602 ei
1000 560 1182 616 subjecit
1220 562 1382 604 omnia*
1420 579 1428 604 :
1453 564 1524 620 qui
1550 565 1661 607 enim

315 628 454 670 adhuc
475 629 692 677 laborant,
719 631 907 672 nondum
930 630 1110 686 subjecti
1132 640 1242 683 sunt,
1263 632 1302 673 in
1317 632 1470 688 quibus
1491 633 1663 676 fortasse

316 698 454 740 adhuc
479 698 566 741 sitit
589 699 778 742 Christus
795 733 805 749 ,
834 700 971 742 adhuc
990 700 1146 749 esurit,
1169 702 1210 743 in
1232 703 1383 758 quibus
1410 704 1547 745 nudus
1569 713 1658 751 est3

314 783 362 809 eo
381 770 496 825 quod
518 784 602 811 non
623 770 828 827 impleant
858 771 1031 812 verbum
1063 771 1138 813 Dei
1160 804 1171 819 ‚
1201 787 1284 813 non
1310 774 1486 815 induant
1523 774 1664 816 Chris·

311 847 424 887 tum,
452 841 522 895 qui
543 849 607 882 est
630 841 927 883 indumentum
946 842 1229 889 credentium,
1255 844 1432 885 amictus
1456 844 1657 888 fidelium.

311 910 394 951 Sed
413 918 455 951 ct
476 910 532 951 illi
553 911 594 951 in
618 910 771 967 quibus
794 926 902 968 aeger
920 921 1006 960 est,
1044 911 1183 954 adhuc
1205 913 1413 954 medicina
1439 914 1627 971 indigent
1649 931 1660 962 3

309 990 350 1022 et
375 981 469 1021 ideo
493 983 682 1022 nondum
706 981 887 1029 subditi3
915 981 1122 1037 subjectio
1151 983 1261 1023 enim
1288 983 1360 1024 ista
1387 983 1550 1026 virtutis
1573 994 1659 1032 est.

310 1067 395 1093 non
419 1051 677 1093 infirmitatis
703 1067 711 1093 :
741 1053 923 1108 denique
947 1053 988 1093 in
1011 1052 1190 1094 fortibus
1211 1061 1251 1094 et
1277 1054 1527 1096 facientibus
1550 1070 1665 1097 man-

310 1122 453 1162 datum
469 1122 560 1170 Dei,
581 1122 798 1177 subjectus
818 1131 879 1163 est
900 1122 975 1164 Dei
995 1122 1137 1164 Filius.
1167 1122 1288 1165 Nune
1310 1131 1450 1165 autem
1473 1124 1603 1181 magis
1621 1125 1662 1166 in

310 1192 357 1234 iis
381 1194 567 1240 laborat,
599 1193 668 1249 qui
701 1208 787 1234 non
826 1193 1083 1235 subveniunt
1117 1193 1430 1242 laborantibus,
1461 1210 1587 1251 quam
1621 1196 1662 1238 in

306 1263 402 1310 illis,
420 1263 490 1319 qui
512 1263 590 1304 sibi
606 1264 819 1320 postulant
837 1263 1062 1305 subveniri.
1085 1263 1185 1305 Haec
1206 1272 1268 1305 est
1288 1264 1353 1321 pia
1374 1264 1662 1322 interpretatio

305 1343 346 1375 et
371 1350 466 1376 vera
489 1334 765 1390 subjectionis
800 1334 968 1376 Domini
995 1335 1117 1381 Jesu,
1151 1334 1223 1390 qui
1248 1335 1341 1376 ideo
1369 1350 1412 1377 se
1437 1335 1660 1392 subjiciet,

308 1413 355 1446 ut
378 1405 429 1446 sit
452 1405 564 1447 Deus
591 1405 732 1447 omnia
756 1405 796 1446 in
820 1405 1031 1446 omnibus.

365 1474 443 1517 IX.
481 1474 659 1516 Sensum
680 1475 974 1531 Apostolicum
998 1473 1286 1530 percurrimus
1307 1489 1317 1515 ε
1344 1489 1456 1515 nunc
1476 1474 1664 1516 conside-

305 1559 446 1585 remus
471 1535 542 1600 qui
567 1552 663 1585 sunt
686 1544 890 1600 primitias
913 1543 1092 1600 Spiritus
1114 1542 1359 1585 habentes2.
1388 1544 1439 1585 Et
1464 1544 1555 1585 ideo
1582 1544 1660 1586 Le-

304 1628 397 1670 gem
424 1613 733 1670 interrogemus
755 1613 856 1669 quid
882 1613 933 1654 sit
955 1614 1069 1669 quod
1092 1612 1373 1669 primitiarum
1392 1613 1457 1654 vel
1477 1612 1662 1655 initiino·

305 1683 417 1724 mine
443 1683 731 1725 declaraverit.
772 1683 922 1724 «Initia
938 1715 948 1730 ,
971 1682 1132 1738 inquit,
1165 1697 1269 1723 areae
1287 1690 1328 1723 et
1349 1682 1465 1724 lacus
1490 1683 1548 1724 tui
1578 1699 1661 1726 non

306 1753 603 1803 »fraudabis³;
625 1773 640 1793 n
665 1764 706 1797 et
729 1754 834 1796 infra
857 1770 897 1796 :a
916 1754 1037 1802 Initia
1060 1753 1340 1810 primitiarum
1365 1761 1532 1795 tuarum
1557 1754 1662 1796 infe-

304 1844 318 1862 »
334 1825 458 1865 resin
475 1824 650 1866 domum
669 1824 834 1865 Domini
855 1824 930 1866 Dei
952 1824 1011 1865 tui
1025 1824 1054 1864 ⁶.
1073 1842 1087 1862 n
1101 1823 1203 1865 Aliae
1220 1831 1317 1865 sunt
1337 1824 1546 1880 primstiae,
1573 1825 1660 1867 aliae

303 1894 477 1935 decimae
505 1909 514 1935 ε
540 1894 739 1951 primitiae
758 1894 930 1950 majoris
957 1894 1098 1950 gratia?
1118 1927 1128 1942 ‚
1154 1893 1497 1936 sanctificationis
1515 1894 1659 1936 obser-

303 1964 566 2006 vautissimae.
596 1965 696 2005 Ideo
716 1965 876 2021 placuit
895 1964 1001 2006 Abel
1020 1997 1030 2012 ,
1056 1963 1154 2020 quia
1178 1979 1260 2005 non
1279 1971 1342 2005 est
1363 1979 1485 2004 suum
1506 1979 1658 2007 munus

301 2042 515 2081 moratus,
546 2033 616 2089 qui
642 2035 692 2075 de
721 2034 943 2090 primitivis
977 2033 1119 2076 ovium
1147 2032 1348 2075 obtulit⁵.
1387 2032 1506 2074 Licet
1531 2034 1656 2090 aliqui

302 2105 543 2146 distantiam
570 2104 697 2146 velint
719 2117 809 2146 esse
833 2105 943 2146 inter
972 2104 1177 2162 primitias
1205 2112 1247 2145 et
1269 2103 1547 2160 primogenita
1569 2136 1579 2152 ,
1616 2104 1657 2147 id

300 2185 363 2218 est
380 2208 390 2224 ,
420 2190 513 2231 quae
535 2175 673 2232 primo
695 2183 952 2223 nascuntur3
981 2190 1031 2216 eo
1050 2173 1163 2231 quod
1188 2174 1376 2217 collectis
1399 2174 1652 2224 seminibus,

298 2245 416 2301 quasi
439 2260 490 2286 ex
516 2244 714 2287 omnibus
732 2244 847 2287 initia
872 2244 1104 2288 offerantur
1125 2259 1260 2293 areae3
1286 2253 1427 2286 tamen
1451 2246 1502 2287 de
1520 2260 1655 2288 messe

301 2316 415 2373 quod
438 2315 622 2373 primum
646 2316 825 2365 tollitur,
864 2315 907 2357 id
930 2314 1108 2357 offertur
1139 2314 1347 2363 Domino,
1385 2317 1455 2359 sed
1494 2317 1545 2358 de
1571 2316 1652 2360 hoc

301 2385 413 2428 alias.
438 2385 704 2428 sanctificari
725 2394 865 2428 autem
877 2385 1043 2427 videtur
1063 2385 1344 2443 primitiarum
1367 2400 1543 2430 munere
1565 2394 1651 2430 tota

299 2472 403 2499 areae
424 2457 569 2499 messis
585 2490 596 2506 ,
617 2459 691 2499 sed
713 2458 813 2515 ipsae
837 2456 1067 2499 sanctiores
1088 2456 1282 2514 primitiae
1309 2463 1419 2499 sunt.

342 2569 349 2582 ¹
379 2571 387 2590 ι
410 2560 484 2591 Cor.
502 2570 552 2595 xv,
573 2559 621 2591 28.
640 2577 677 2584 —
694 2569 706 2584 ⁸
726 2559 820 2592 Rom.
841 2569 914 2600 vni,
940 2560 991 2593 15.
1005 2578 1043 2584 -
1061 2559 1075 2582 ³
1091 2558 1196 2593 Exod.
1211 2570 1290 2598 xxii,
1307 2569 1359 2601 29.
1374 2575 1414 2583 —
1432 2559 1443 2586 ⁴
1464 2557 1515 2591 ld.
1537 2569 1646 2599 xxxiv,

298 2615 349 2646 26.
370 2633 408 2639 —
427 2617 438 2637 ⁵
456 2616 650 2651 Ge11.1v‚4.
