1774 3158
287 270 370 325 356
847 286 877 312 s.
920 285 1110 313 Atinnosn

286 361 486 418 »AEgypti
519 361 667 403 faciam
691 361 944 411 vindictam,
974 378 1050 420 ego
1080 363 1296 405 Dominus.
1327 363 1379 405 Et
1413 364 1492 405 erit
1519 363 1637 405 vobis
1769 394 1774 412 ,

289 432 483 488 »sangnis
506 433 546 473 in
576 433 693 489 signo
720 435 761 474 in
796 433 1015 482 domibus,
1043 435 1082 475 in
1107 434 1258 490 quibus
1280 434 1392 475 eritis
1417 434 1496 482 ibi3
1521 443 1562 475 et
1586 435 1640 475 vi—
1770 414 1774 490 l

289 522 304 542 »
321 504 429 543 detio
451 503 697 559 sanguinem
717 536 726 551 ,
754 513 796 546 et
817 514 1032 562 protegam
1058 520 1153 553 vos,
1179 513 1220 546 et
1242 520 1327 546 non
1353 505 1432 545 erit
1459 505 1498 545 in
1523 505 1640 546 vobis
1771 526 1774 564 ἱ

288 574 436 629 »plaga
470 574 723 615 exterminii.
749 574 801 616 Et
826 584 1042 616 conteram
1073 583 1228 616 terram
1252 574 1447 630 AEgypti,
1488 584 1529 615 et
1561 574 1642 615 erit

288 662 303 683 n
321 644 405 684 (lies
433 643 500 684 hic
525 644 640 685 vobis
663 645 948 687 memorabilis
972 655 1012 687 et
1042 645 1261 696 solemnis,
1286 653 1327 686 et
1349 644 1460 685 diem
1490 645 1640 686 festum

290 733 304 751 n
321 714 446 770 agetis
463 729 559 754 eum
577 714 757 756 Domino
777 715 817 756 in
839 715 1059 772 progenies
1084 723 1260 763 vestras,
1280 715 1513 771 legitimum
1539 730 1642 756 sem·

289 804 303 823 »
319 785 529 842 piternum
548 817 558 833 ,
582 785 691 826 diem
714 786 866 828 festum
891 787 1018 843 agetis
1042 785 1198 828 illmn'.
1224 805 1237 824 >1

346 855 443 896 XX.
484 855 751 897 Advertimus
783 865 825 898 et
855 856 1058 912 passionis
1088 855 1198 896 diem
1236 844 1491 911 descriptum
1525 854 1565 895 in
1588 855 1645 910 je-

288 925 435 981 junio,
461 926 556 980 quia
582 926 632 967 ad
658 941 879 982 vesperum
906 927 1166 968 occidendus
1199 935 1261 967 est
1293 942 1442 982 agnus3
1467 927 1565 968 licet
1587 927 1647 967 ul-

291 996 441 1035 timum
467 1005 632 1051 tempus
660 1010 734 1051 pro
761 1011 932 1052 vespere
953 997 1163 1052 possimus
1195 996 1387 1052 accipere
1413 997 1646 1037 secundum

290 1065 496 1105 Joannem
515 1097 525 1112 ,
547 1065 618 1120 qui
647 1065 702 1105 ait
728 1079 768 1105 :u
786 1065 937 1113 Pueri,
966 1065 1188 1106 novissima
1212 1065 1314 1106 hora
1339 1064 1438 1106 est².
1467 1084 1480 1104 »
1496 1065 1579 1107 Sed
1608 1073 1649 1106 et

292 1134 406 1191 juxta
444 1135 692 1190 mysterium
717 1149 890 1192 vespere
925 1136 1006 1177 diei
1043 1144 1207 1177 constat
1237 1135 1448 1184 occisum,
1481 1136 1649 1190 quando

292 1206 477 1247 tennbrce
499 1207 638 1247 statim
666 1206 784 1248 factae
811 1216 908 1249 sunt
935 1223 944 1248 τ
971 1215 1012 1247 et
1046 1207 1256 1263 jejunium
1291 1207 1565 1248 deserendum
1601 1221 1650 1246 eo

294 1277 361 1317 die
385 1291 529 1317 verum
567 1286 653 1324 est,
694 1278 787 1333 quia
815 1279 868 1320 ita
902 1278 1033 1319 edetis
1062 1278 1179 1319 illum
1214 1293 1309 1319 cum
1340 1278 1648 1324 sollicitudine;

292 1346 580 1403 jejunantibus
604 1347 714 1388 enim
740 1348 980 1389 sollicitudo
1008 1349 1205 1390 adhaeret.
1227 1348 1562 1392 Resurrectionis
1585 1363 1653 1388 au-

294 1427 380 1459 tem
420 1418 487 1458 die
521 1418 725 1459 exultatio
758 1419 999 1460 resectionis
1036 1429 1099 1461 est
1122 1428 1245 1475 atque
1268 1419 1446 1470 laetitiae,
1472 1434 1555 1475 qno
1588 1419 1655 1459 die

294 1488 461 1528 videtur
478 1488 608 1529 exisse
632 1490 813 1545 populus
827 1504 876 1529 ex
894 1490 1075 1546 {Egypto
1089 1521 1097 1535 ,
1117 1489 1340 1546 primitivis
1360 1490 1654 1546 [Egyptiornm

296 1558 469 1599 necatis.
499 1558 624 1609 Quod
649 1558 878 1614 posteriora
901 1560 1137 1601 evidentius
1157 1561 1333 1607 docent,
1360 1559 1400 1600 in
1425 1560 1577 1615 quibus
1602 1561 1657 1601 ait

302 1628 541 1684 Scriptura,
570 1627 666 1683 quia
694 1637 914 1684 postquam
955 1629 1148 1670 fecerunt
1168 1629 1306 1671 Judaei
1329 1630 1489 1671 Pascha
1508 1663 1518 1678 ‚
1549 1630 1658 1672 sicut

302 1697 499 1755 praecepit
522 1698 705 1754 Moyses,
723 1716 737 1736 α
761 1699 939 1740 Factum
965 1709 1026 1740 est
1060 1700 1168 1741 circa
1194 1700 1375 1740 mediam
1396 1705 1562 1741 noctem
1580 1733 1588 1747 ,
1619 1709 1660 1741 ct

301 1767 533 1809 »Dominus
557 1767 766 1824 percussit
793 1784 918 1810 omne
946 1769 1207 1825 primitivum
1243 1770 1283 1810 in
1323 1778 1434 1811 terra
1464 1770 1657 1827 Aigypti,

301 1854 352 1878 na
391 1837 604 1895 primitivo
640 1838 881 1881 Pharaonis.
920 1839 971 1881 Et
1010 1840 1174 1881 vocavit
1210 1840 1371 1881 Pharao
1409 1841 1580 1897 Moysen
1619 1849 1660 1882 et

304 1907 474 1949 »Aaron
499 1917 647 1955 nocte,
677 1917 718 1949 et
745 1909 846 1950 dixit
872 1910 950 1951 illis
973 1925 981 1951 :
1003 1910 1170 1967 Surgite
1199 1919 1240 1951 et
1277 1910 1384 1951 exite
1418 1911 1468 1951 de
1504 1912 1661 1968 populo

304 1992 428 2018 »meo
449 2009 458 2024 ,
487 1985 528 2018 et
551 1991 621 2019 vos
655 1986 698 2019 et
729 1977 803 2020 filii
828 1980 954 2020 vestri
980 1995 989 2020 :
1025 1980 1079 2021 ite
1104 1988 1145 2021 et
1175 1979 1327 2021 servite
1363 1980 1545 2023 Domino
1575 1981 1662 2022 Deo

304 2046 516 2096 »vestro³,
547 2068 562 2086 n
596 2048 648 2090 Et
693 2050 899 2106 urgebant
928 2050 1112 2108 AEgyptii
1153 2051 1380 2107 populum,
1419 2051 1664 2093 festinantes

305 2133 431 2175 quam
456 2119 676 2161 celerrime
697 2122 921 2177 expellere.
938 2121 1127 2177 Denique
1146 2120 1202 2162 sie
1222 2121 1398 2178 profecti
1421 2132 1519 2164 sunt
1539 2123 1666 2164 Israe‘-

303 2190 408 2237 litae,
432 2197 476 2231 ut
499 2204 583 2231 non
608 2200 854 2233 occurreret
879 2192 956 2233 sibi
981 2207 1123 2248 azyma
1142 2192 1419 2241 fermentare,
1446 2192 1667 2249 ejecerunt

304 2259 417 2300 enim
441 2275 512 2301 eos
536 2260 720 2317 AEgyptii
736 2294 747 2309 ,
772 2271 813 2303 et
831 2277 915 2303 non
940 2270 1171 2320 potuerunt
1194 2263 1424 2312 sustinere,
1448 2279 1572 2320 quem
1592 2280 1667 2322 ap·

301 2338 495 2387 paratum
523 2331 601 2372 sibi
625 2330 811 2373 fecerant
831 2333 870 2373 in
896 2333 1019 2376 viam,

364 2400 484 2443 XXI.
522 2401 777 2444 Reseratum
802 2413 863 2446 est
887 2404 1014 2461 igitur
1050 2404 1161 2446 diem
1185 2404 1509 2447 resurrectionis
1529 2405 1671 2447 obser-

309 2472 494 2513 vandum
519 2480 612 2527 post
638 2472 749 2513 diem
772 2475 1002 2530 passionis.
1027 2476 1097 2532 qui
1120 2476 1207 2517 dies
1231 2475 1549 2517 resurrectionis
1585 2490 1670 2518 non

313 2550 458 2598 quarta
480 2541 641 2584 decima
664 2544 763 2585 luna
790 2545 916 2587 debet
942 2561 1057 2595 esse,
1084 2548 1157 2588 sed
1180 2554 1348 2604 postea,
1377 2555 1424 2589 ut
1453 2546 1578 2590 Vetus
1609 2548 1668 2589 lo-

359 2645 366 2658 ·
386 2635 490 2669 Emi,
512 2647 575 2676 xit,
596 2637 689 2670 5-18.
709 2657 747 2662 —
766 2648 778 2663 ¹·
804 2651 814 2670 1
838 2639 1052 2678 Joan.n,18.
1075 2657 1109 2666 —-
1125 2642 1139 2664 ³
1156 2640 1260 2674 Exod.
1279 2652 1336 2678 ιιι,
1357 2641 1463 2683 29-51.
