1774 3158
297 208 384 251 516
801 209 1137 242 mmo-rarione

295 301 368 341 sed
400 298 451 340 de
473 291 679 337 sacrificio
702 291 790 348 ipso
815 289 974 332 dictum
998 287 1177 328 videtur.
1205 282 1308 326 Nam
1339 281 1491 338 alioqui
1513 281 1640 323 verbo

292 369 424 425 caepi,
453 379 549 408 eum
582 364 668 420 jain
693 360 1019 404 catechumenos
1041 354 1291 401 dimisisset,
1318 351 1545 395 admodum
1567 351 1642 393 im·

291 437 461 496 proprie
487 449 585 477 usus
606 433 762 475 suisset.

629 581 871 612 ANNoTATm
909 566 1025 620 (118)
1060 577 1152 620 pag.
1190 562 1287 604 328.

353 712 520 755 Omnia
537 708 702 767 officia,
728 706 770 747 id
796 710 879 749 est,
904 700 1084 758 plurima
1104 732 1113 748 ‚
1134 699 1334 741 nimirum
1358 713 1449 755 quae
1474 697 1541 739 hic
1565 697 1641 754 sig-

291 782 543 828 nificantur;
577 778 676 819 licet
725 772 850 813 etiam
886 770 1087 812 nonnulla
1125 769 1231 811 forte
1267 768 1496 810 reticuerit.
1535 766 1642 809 Sunt

290 862 430 896 autem
465 845 762 891 memoriales,
804 840 874 897 qui
919 839 1073 882 scrinio
1104 839 1318 880 memoriae
1357 846 1560 895 praesunt,
1590 837 1642 879 de

289 924 441 981 quibus
466 918 664 970 Buleng.,
688 912 761 954 lib.
788 926 847 959 lv,
875 910 927 951 de
956 909 1151 966 Imperio
1180 908 1323 957 Rom„
1355 923 1445 965 cap.
1489 911 1551 949 13.
1581 907 1642 948 De

290 988 523 1051 agentibus
546 987 592 1026 in
615 981 741 1024 rebus
761 980 925 1023 Titulus
947 987 1010 1020 est
1044 978 1085 1019 in
1113 977 1218 1019 Coa.
1247 977 1425 1025 sustin..
1455 976 1527 1018 lib.
1555 991 1638 1024 xil,

287 1063 419 1106 multa
447 1057 572 1100 etiam
601 1052 758 1095 mentio
792 1051 833 1091 in
859 1048 963 1091 Coa.
997 1048 1154 1089 Tlaeod.
1188 1046 1444 1103 praesertim,
1474 1046 1545 1087 lib.
1580 1060 1634 1087 vi.

287 1133 394 1174 Sunt
415 1128 485 1184 qui
515 1123 710 1182 generale
734 1135 886 1162 nomen
915 1125 1065 1175 putent
1093 1117 1134 1158 in
1157 1131 1228 1158 eos
1253 1116 1457 1162 relatum,
1478 1115 1547 1170 qui
1575 1130 1640 1156 res

287 1200 460 1244 Caesaris
497 1203 652 1252 agunt,
687 1200 731 1232 ut
761 1198 831 1231 aut
858 1196 1152 1246 procuratores
1188 1187 1270 1228 sint
1308 1186 1544 1243 principis:
1571 1194 1642 1228 aut

286 1264 580 1315 commissariii
616 1277 691 1320 per
725 1260 906 1302 diversas
940 1257 1176 1315 provincias
1210 1258 1261 1298 ad
1294 1257 1480 1313 legatos,
1517 1264 1639 1297 aucto

287 1339 463 1397 imperio
480 1368 490 1384 ,
511 1334 747 1390 ,dispersos;
765 1329 877 1371 unde
895 1329 936 1369 in
959 1327 1077 1369 libris
1102 1326 1402 1383 posterioribus
1427 1325 1641 1368 ducenarii

283 1412 454 1470 quidam
471 1440 479 1455 ,
505 1405 571 1447 alii
595 1400 825 1445 centenarii
851 1400 1063 1456 leguntur.
1091 1398 1150 1438 lta
1176 1397 1361 1450 Nannius
1383 1412 1435 1438 ex
1449 1397 1636 1445 Alciato,

286 1494 412 1539 quam
440 1487 580 1518 tamen
603 1470 850 1515 sententiam
875 1468 1066 1510 refellens
1084 1499 1094 1515 ,
1122 1466 1177 1508 ait
1199 1467 1384 1508 divinare
1407 1482 1449 1508 se
1473 1476 1639 1523 agentes

287 1553 329 1594 iu
352 1549 478 1592 rebus
504 1559 573 1587 eos
601 1557 690 1584 esse
714 1540 783 1597 qui
802 1539 993 1580 ordinem
1019 1538 1207 1585 ducunt,
1237 1537 1318 1578 hoc
1337 1546 1421 1586 est,
1440 1538 1639 1579 militares

285 1618 554 1675 magistratus
570 1630 580 1661 ;
603 1612 728 1667 idque
745 1624 795 1650 ex
811 1607 974 1665 legibus
991 1606 1214 1649 Theodosii
1236 1620 1282 1647 ac
1300 1605 1543 1654 Jilstiniani,
1568 1606 1640 1647 ubi

284 1689 479 1749 palatinae
501 1683 658 1726 militiae
682 1681 808 1722 iidem
830 1685 1119 1735 opponuntur,
1144 1676 1316 1734 probari
1338 1684 1470 1732 putat.
1494 1676 1640 1731 Appa-

285 1762 442 1802 νίιονεε
473 1756 500 1797 ii
538 1753 814 1798 dicebantur,
836 1748 907 1805 qui
931 1746 1052 1789 variis
1075 1746 1279 1804 parebant
1309 1746 1634 1803 magistratibus.

287 1833 350 1876 De
371 1828 523 1886 quibus
546 1825 833 1878 BulengeruS‚
860 1819 930 1860 lib.
965 1818 1057 1865 cit„
1085 1832 1175 1874 cap.
1209 1832 1272 1873 17.
1307 1818 1368 1858 De
1396 1817 1642 1859 Comitibas

291 1909 432 1944 autem
458 1897 569 1938 idem
592 1901 738 1935 auctor
757 1898 820 1931 tot
839 1889 942 1930 locis
969 1888 1074 1944 agit,
1100 1896 1146 1928 ut
1166 1887 1330 1944 longius
1357 1895 1465 1929 esset
1485 1902 1555 1929 eos
1578 1889 1643 1929 vel

290 1980 525 2013 recensere.
546 1964 719 2006 Praestat
742 1959 870 2016 igitur
895 1959 1046 2000 eodem
1072 1958 1274 1998 lectorem
1297 1957 1512 1999 remittere
1536 1958 1644 1999 sicut

289 2050 332 2085 et
354 2041 404 2081 ad
427 2034 598 2080 Godesr.
626 2033 688 2075 De
710 2030 936 2072 honoratis
968 2028 1136 2070 tandem
1158 2028 1243 2083 jam
1267 2029 1460 2070 nonnihil
1484 2028 1645 2070 dictum

292 2120 355 2154 est
379 2110 431 2151 ad
452 2107 524 2149 lib.
551 2120 599 2152 11,
620 2103 671 2144 de
695 2101 880 2159 Officiis,
904 2114 995 2156 cap.
1022 2113 1090 2154 29,
1115 2112 1231 2139 num.
1260 2099 1353 2147 150,
1376 2097 1527 2155 quibus
1551 2107 1644 2140 tan-

294 2191 384 2224 tum
418 2175 610 2219 addimus
637 2172 732 2214 illos
765 2171 815 2211 ab
841 2168 1005 2211 Alciato
1036 2168 1107 2209 lib.
1140 2168 1364 2209 Proecerm.
1389 2184 1429 2216 1,
1456 2167 1642 2216 definiri,

291 2251 368 2308 qai
405 2245 659 2305 palatinam
714 2240 979 2296 dignitatem
1024 2237 1207 2285 habent,
1257 2239 1646 2280 administratione

291 2329 438 2363 autem
474 2315 688 2356 abstinent
718 2326 731 2352 .·
769 2318 811 2352 et
833 2324 857 2351 a
888 2308 1051 2351 Nannio
1087 2323 1162 2364 pro
1196 2307 1341 2350 iisdem
1374 2308 1540 2357 haberi,
1575 2307 1646 2364 qui

288 2391 434 2436 Romae
471 2391 710 2430 senatores,
734 2380 775 2421 in
813 2378 1054 2434 municipiis
1082 2377 1331 2419 decuriones
1362 2378 1642 2426 vocabantur;

290 2460 404 2518 quod
427 2465 472 2497 ut
496 2452 717 2498 ostendat,
749 2463 800 2490 ex
825 2448 896 2490 lib.
926 2462 1009 2489 xvl.
1032 2447 1112 2489 Tit.
1134 2448 1161 2498 4
1177 2479 1187 2495 ,
1220 2448 1298 2504 leg.
1322 2448 1394 2498 44.
1421 2448 1646 2490 Theodosii

287 2532 401 2574 citat.
419 2524 498 2570 Adi
520 2523 645 2568 etiam
665 2518 941 2564 Godefridum
961 2519 1013 2561 ad
1029 2518 1166 2574 legem
1184 2517 1235 2560 de
1251 2516 1504 2574 officiojud.
1519 2517 1639 2560 civil.
