1774 3158
474 240 767 272 EPISTOLARUM
797 243 959 272 cmiss1s
990 246 1018 273 1.
1341 235 1419 282 431

70 319 210 378 geniti.
248 320 342 364 Non
365 319 478 361 enim
507 319 708 361 nascendi
730 319 878 361 ordine
909 321 1058 367 sancti,
1083 321 1157 362 sed
1188 321 1427 364 sanctifica-

69 391 193 432 tionis
214 405 410 436 munere;
432 390 531 433 Levi
551 390 663 431 enim
691 390 837 432 tertius
859 389 969 432 filius
990 391 1067 432 suit
1083 391 1165 433 Liae
1182 391 1215 440 ¹,
1245 407 1326 433 non
1347 393 1429 449 pri-

71 477 164 503 mus
191 461 348 517 utique.

140 530 189 573 V.
211 531 296 582 Qui
317 539 454 572 autem
477 529 787 577 sanctificatur,
823 530 910 586 ipse
928 525 1261 587 aperit'vulvam.
1288 532 1423 582 Quam

79 600 272 642 vulvam?
308 600 419 642 Audi
456 600 666 641 dicentem
691 615 700 641 :
745 618 760 636 α
789 600 1046 642 Erraverunt
1085 610 1330 657 peccatores
1372 603 1422 643 ab

78 689 93 709 n
127 679 244 712 utero
263 670 297 712 ².
324 689 339 709 n
367 671 474 721 Quia
490 670 726 712 intellexisti
748 670 1073 727 primogenitum
1092 672 1162 727 qui
1187 673 1318 728 aperit
1341 674 1431 713 vul-

79 756 170 781 vam
184 774 194 789 ‚
219 740 405 798 intellige
417 750 584 782 uterum
598 742 716 782 bonae
727 741 886 788 matris,
901 757 920 782 a
935 756 1018 797 quo
1034 756 1115 782 non
1128 751 1268 783 errant
1280 743 1428 790 sancti,

80 810 154 850 sed
176 818 430 865 peccatores.
446 809 597 851 Levitae
621 818 759 851 autem
779 810 1028 852 auferuntur
1051 812 1102 852 de
1120 811 1259 851 medio
1279 812 1428 859 Israeh

81 878 177 934 quia
203 879 306 921 nihil
339 878 498 920 habent
525 894 751 921 commune
772 894 869 921 cum
907 881 1091 937 populo,
1117 880 1238 935 cujus
1276 880 1437 937 primo-

82 950 220 1005 genita
245 949 458 991 saecularia
481 951 769 992 destruuntur.
790 950 1072 1007 primogenita
1091 950 1202 991 enim
1221 951 1361 992 saeculi
1385 953 1439 993 al-

84 1019 213 1061 terius
238 1021 382 1061 matris
405 1028 523 1067 suut,
544 1035 564 1061 a
599 1020 720 1075 cujus
742 1029 864 1062 utero
900 1029 1140 1077 segregatus
1170 1020 1322 1062 Paulus
1343 1029 1406 1062 est
1425 1053 1436 1069 ,

86 1104 182 1131 cum
201 1090 252 1130 ad
264 1090 440 1146 gratiam
463 1098 694 1132 vocaretur
718 1091 797 1132 Dei
817 1090 847 1131 ³.
874 1091 926 1132 Et
951 1091 1044 1132 ideo
1071 1091 1122 1132 de
1141 1090 1280 1131 medio
1299 1090 1441 1147 populi

94 1168 351 1216 segregatus,
379 1158 561 1201 Verbum
600 1159 776 1217 recepit,
799 1161 914 1217 quod
935 1168 997 1202 est
1032 1160 1217 1201 medium
1243 1160 1284 1201 in
1311 1162 1440 1202 corde

88 1237 245 1270 nostro.
265 1230 384 1270 Unde
401 1238 443 1271 et
466 1229 569 1271 illud
584 1230 744 1272 dictum
762 1239 847 1272 est:
884 1248 898 1268 «
913 1231 1074 1273 Medius
1095 1239 1234 1272 autem
1254 1239 1439 1272 vestrum

91 1307 217 1346 »stat‚
238 1313 364 1355 quem
388 1314 458 1341 vos
485 1314 569 1341 non
594 1300 740 1341 videtis
759 1300 789 1342 ¹⁸.
818 1319 834 1339 ι)
989 1297 992 1299 Α

147 1367 218 1410 VI.
255 1367 347 1410 Non
363 1369 520 1410 otiosus
548 1370 688 1426 itaque
707 1370 830 1411 nobis
853 1385 874 1412 a
899 1369 1009 1427 Lege
1030 1370 1073 1411 in
1095 1370 1250 1427 Legem
1285 1386 1440 1412 excur-

85 1453 153 1480 sus
188 1437 288 1488 fuit,
329 1448 376 1480 ut
404 1439 734 1496 primogenitum
767 1456 852 1482 non
880 1455 970 1481 esse
1000 1440 1188 1482 amabilis
1221 1441 1358 1490 illius,
1395 1442 1439 1482 id

86 1518 163 1557 est,
184 1509 428 1552 remissioris
452 1519 494 1553 et
515 1511 758 1568 voluptariae
794 1510 928 1552 filium
953 1512 1226 1558 doceremus3
1251 1511 1440 1567 quamvis

88 1579 291 1636 propositi
310 1582 483 1637 capituli
498 1582 625 1623 verba
648 1582 731 1623 hoc
746 1583 996 1638 exprimant,
1014 1582 1181 1623 dicente
1194 1581 1437 1638 Scriptura:

89 1650 179 1691 Non
204 1651 357 1705 poterit
380 1650 515 1691 filium
547 1652 735 1693 amabilis
762 1652 1024 1708 primitivum
1048 1666 1315 1709 praeponere,
1341 1666 1441 1694 cum

90 1719 194 1761 sciat
216 1719 350 1760 filium
385 1720 551 1761 odibilis
590 1720 852 1777 primitivum
880 1721 1016 1763 esse⁵.
1043 1722 1116 1762 Ille
1149 1730 1210 1762 est
1232 1736 1329 1762 vere
1352 1721 1441 1777 pri—

93 1790 279 1838 mitivus,
311 1790 380 1846 qui
405 1799 559 1832 sanctae
588 1791 733 1833 matris
757 1800 924 1833 sanctus
954 1800 1017 1833 est
1044 1801 1212 1849 partus3
1239 1792 1348 1834 sicut
1375 1792 1445 1833 illa

94 1875 189 1902 vera
217 1869 367 1909 mater,
392 1876 413 1901 a
435 1861 557 1917 cujus
575 1870 695 1902 uter-o
717 1877 802 1904 non
823 1870 965 1904 errant
986 1863 1071 1904 veri
1093 1861 1183 1911 filii,
1208 1863 1281 1904 sed
1302 1876 1450 1918 pecca-

95 1939 217 1972 tores.
242 1931 352 1987 Ergo
375 1931 445 1972 ille
470 1945 555 1973 non
585 1947 692 1973 verae
725 1932 869 1974 matris
912 1931 1038 1980 filius,
1081 1947 1166 1973 non
1207 1931 1444 1988 primitivus

96 2017 233 2049 verus,
249 2003 322 2042 sed
337 2001 454 2057 quasi
475 2002 709 2059 primitivus
730 2002 898 2058 juvatur
915 2010 1102 2059 sumptu,
1116 2017 1168 2042 ne
1191 2010 1333 2058 egeat3
1360 2016 1446 2042 non

99 2080 145 2112 ut
168 2072 281 2112 dives
300 2071 367 2119 sit,
393 2072 625 2113 honoratur
649 2086 659 2112 ε
685 2072 753 2114 hic
772 2081 912 2114 autem
934 2073 1061 2129 dupla
1079 2086 1129 2113 ex
1150 2071 1347 2112 omnibus
1377 2084 1449 2112 ac-

99 2143 231 2199 cepit,
264 2151 312 2183 ut
344 2142 551 2190 abundet3
585 2142 694 2184 sicut
717 2143 843 2184 etiam
873 2143 915 2184 in
936 2142 1089 2184 Genesi
1110 2142 1241 2183 hahes
1271 2141 1454 2183 Patriar-

101 2213 199 2254 elias
224 2227 246 2253 a
265 2212 391 2253 fratre
420 2226 495 2253 suo
519 2211 677 2269 <Ioseph
703 2213 879 2269 geminae
911 2213 1094 2270 singulos
1133 2212 1248 2254 stolae
1275 2212 1450 2253 donatos

101 2281 325 2331 munere⁶·,
351 2296 448 2323 cum
470 2282 786 2324 remitterentur
817 2283 868 2325 ad
890 2290 1052 2339 patrem
1070 2315 1079 2330 ‚
1103 2289 1149 2323 ut
1171 2279 1457 2338 significarent

103 2351 213 2393 Patri
233 2362 447 2409 repertum
466 2350 648 2408 Joseph‚
682 2367 808 2409 quem
831 2353 1078 2395 defunctum
1099 2366 1189 2394 esse
1220 2351 1459 2393 crediderat

104 2429 237 2478 pater.

155 2525 162 2539 ¹
185 2516 270 2547 Gen.
295 2523 391 2551 xxix.
408 2514 462 2553 54.
484 2531 526 2539 —-
542 2523 556 2538 ¹
582 2514 668 2547 Psal.
687 2525 764 2551 nvn,
779 2515 813 2554 4.
829 2534 871 2545 -
895 2517 911 2543 ὃ
926 2516 1034 2550 Galat.
1050 2526 1076 2556 1,
1096 2516 1147 2549 15.
1164 2530 1205 2543 ·-
1222 2515 1237 2542 ⁴
1254 2513 1349 2545 Joan‚
1365 2523 1391 2552 ι,
1407 2513 1457 2545 26.

109 2587 148 2595 —
161 2570 173 2593 ⁵
192 2570 278 2603 Deut
293 2580 360 2606 xxi,
380 2579 432 2611 17.
444 2569 514 2594 ·-⁶
532 2569 618 2604 Gen.
636 2579 707 2607 xxv,
723 2579 777 2603 22.
