1774 3158
358 275 410 302 DE
443 273 538 301 FIDE
570 270 929 305 RESURRECTIONIS,
964 274 1043 301 Lm.
1085 275 1131 302 11.
1377 260 1429 302 55

80 361 202 401 esset,
227 351 410 399 difficile.
438 350 583 397 credo,
606 348 694 390 Deo
711 347 816 390 soret
839 349 1020 406 dispersa
1044 361 1316 402 connectere,
1343 352 1432 395 dis-

83 425 213 481 sipata
235 423 419 470 sociare3
454 422 522 463 cui
545 421 726 462 mundus
749 420 1031 476 obtemperat,
1059 431 1171 464 muta
1195 425 1435 481 obsequun-

85 505 153 536 tur
174 497 395 541 elementa,
431 493 557 534 servit
591 499 738 532 natura
759 507 767 532 :
786 491 903 547 quasi
934 507 1019 534 non
1040 494 1208 549 majoris
1240 497 1434 538 miraculi

86 564 138 606 sit
164 564 313 605 limum
337 562 521 604 animare
543 575 667 617 quam
695 559 902 616 jungere?

147 634 257 677 LIX.
294 632 393 675 Avis
418 633 457 673 in
480 632 649 688 regione
674 630 862 679 Arabiae,
896 631 963 672 cui
992 646 1145 673 nomen
1168 642 1230 675 est
1250 635 1441 685 Phoenix,

86 703 270 746 redivivo
308 718 391 744 suae
430 701 564 743 carnis
605 702 786 742 humore
825 702 1097 758 reparabilis,
1144 719 1242 746 curn
1279 694 1447 748 mortua

88 774 228 822 suerit,
249 772 482 820 reviviscit3
505 773 612 813 solos
630 787 713 812 non
730 772 942 813 credimus
968 772 1163 815 homines
1180 776 1449 817 resuscitari?

88 844 215 900 Atqui
244 843 323 885 hoc
355 843 558 884 relatione
590 842 754 888 crebra,
776 851 816 883 et
845 841 1175 899 Scripturaium
1206 847 1453 888 auctoritato

90 914 362 970 cognovimus
391 912 478 967 (ιὸ)
508 919 784 952 memoratam
820 927 935 953 avem
964 913 1292 969 quingentorum
1324 932 1451 958 anno·

91 999 182 1024 rum
214 983 343 1040 spatia
369 982 500 1024 vitalis
527 997 626 1022 usus
651 981 809 1022 habere
838 983 1112 1040 praescriptam
1150 1000 1327 1041 cumque
1355 1002 1452 1027 cum

91 1055 168 1096 sibi
200 1055 329 1097 finem
354 1054 448 1095 vitae
478 1053 620 1094 adesse
642 1068 825 1109 praesaga
853 1055 1034 1108 quadam
1061 1063 1218 1096 naturae
1242 1072 1325 1097 suze
1343 1058 1448 1098 aesti·

93 1126 278 1167 matione
309 1123 574 1182 cognoverit,
602 1124 768 1164 thecam
792 1123 870 1164 sibi
899 1125 950 1164 de
972 1124 1094 1166 thure
1118 1135 1158 1166 et
1181 1127 1374 1183 myrrha,
1408 1136 1451 1169 ct

94 1197 254 1238 caeteris
279 1195 480 1238 odoribus
511 1196 733 1240 adornare,
757 1195 1056 1251 completoque
1080 1211 1206 1252 opere
1230 1198 1386 1254 pariter
1404 1213 1452 1239 ac

99 1274 301 1322 tempore,
327 1265 483 1306 intrare
506 1264 589 1316 iilo,
614 1273 737 1319 atque
760 1263 917 1304 emori:
936 1280 984 1305 ex
1008 1264 1329 1321 cujus'humore
1353 1267 1453 1308 oriri

96 1351 297 1384 vermem,
321 1335 609 1392 paulatimque
631 1350 728 1375 cnm
759 1334 797 1374 in
825 1335 908 1375 avis
937 1334 973 1390 ej
985 1338 1131 1376 usdem
1156 1335 1332 1393 figuram
1357 1351 1457 1378 con-

97 1422 310 1454 crescere,
344 1420 553 1460 usumque
583 1405 777 1452 formari,
821 1404 1047 1446 subnixam
1076 1422 1243 1462 quoque
1278 1408 1453 1464 remigio

96 1492 348 1536 pennarum,
381 1484 589 1518 renovatae
620 1476 714 1516 vitae
741 1475 879 1516 officia
909 1491 1086 1518 munere
1112 1477 1277 1534 pietatis
1305 1479 1450 1522 ordiri.

98 1549 201 1591 Nam
225 1548 392 1590 thecam
417 1547 547 1598 illam,
572 1548 638 1587 vel
666 1547 878 1587 tumulum
904 1547 1108 1603 corporis,
1134 1549 1201 1589 vel
1226 1548 1457 1590 incunabu-

98 1621 184 1661 lum
217 1619 495 1675 resurgentis,
537 1617 578 1658 iu
613 1631 693 1673 qua
731 1615 932 1658 deficiens
967 1617 1147 1667 occidit,
1181 1628 1222 1661 et
1258 1620 1458 1661 occidens

100 1689 292 1747 resurgit,
310 1704 361 1730 ex
377 1688 588 1745 AEthiopia
612 1686 650 1729 in
669 1687 926 1744 Lycaoniam
945 1688 1059 1729 vehit
1077 1704 1085 1729 ε
1103 1698 1226 1745 atque
1248 1690 1304 1731 ita
1323 1706 1457 1732 resur-

101 1760 290 1801 rectione
308 1759 392 1800 avis
414 1757 559 1814 hujus,
578 1759 770 1799 locorum
790 1757 938 1798 incolae
964 1759 1222 1815 completum
1253 1760 1461 1817 quingen-

104 1839 242 1871 torum
266 1844 472 1871 annorum
496 1837 662 1883 tempus
680 1828 930 1884 intelligunt.
954 1828 1062 1885 Ergo
1081 1829 1147 1871 isti
1169 1830 1231 1871 avi
1251 1830 1458 1889 quingen-

104 1901 276 1942 tesimus
303 1898 626 1940 resurrectionis
650 1914 781 1939 annus
804 1907 882 1945 est,
908 1898 1030 1940 nobis
1054 1899 1300 1942 millesimus
1332 1903 1421 1957 (¹9)
1447 1916 1456 1942 :

104 1971 162 2012 illi
188 1970 228 2011 in
250 1969 332 2011 hoc
361 1970 531 2017 saeculo,
558 1969 678 2010 nobis
708 1969 749 2010 in
781 1969 1146 2011 consummatione
1178 1971 1340 2013 mundi.
1371 1972 1460 2014 Ple-

105 2041 224 2097 rique
258 2041 384 2083 etiam
420 2040 644 2097 opinantur
677 2041 791 2096 quod
824 2040 906 2081 avis
943 2039 1033 2081 haec
1070 2056 1218 2098 rogum
1258 2041 1335 2084 sibi
1376 2043 1462 2100 ipsa

107 2113 349 2161 succendat,
384 2109 432 2154 ¹et
466 2126 609 2153 rursus
650 2111 701 2152 de
735 2110 881 2152 favillis
920 2111 1004 2152 suis
1040 2121 1081 2154 et
1115 2112 1328 2155 cineribus
1360 2114 1466 2157 revi-

108 2182 250 2224 viscat.

165 2253 254 2297 LX.
293 2252 377 2295 Sed
411 2252 586 2294 sortasse
613 2260 763 2294 natura
792 2251 1030 2301 discretior,
1057 2252 1154 2296 fidei
1188 2256 1356 2312 quoque
1389 2258 1467 2299 dis-

112 2325 344 2366 cretionem
379 2323 570 2365 videatur
603 2323 772 2371 afferre,
809 2323 850 2364 in
883 2324 1088 2381 originem
1127 2326 1467 2384 principiumque

112 2393 294 2436 hominis
312 2393 563 2450 procreandi
581 2408 699 2435 mens
715 2402 858 2435 nostra
875 2394 1032 2436 redeat.
1050 2394 1140 2437 Viri
1159 2397 1273 2445 estis,
1289 2398 1470 2440 foeminae

113 2464 227 2511 estis,
247 2479 338 2520 quae
356 2463 540 2505 humana
559 2471 672 2512 sunt,
696 2479 780 2505 non
799 2463 1025 2521 ignoratis:
1043 2473 1085 2507 et
1103 2465 1136 2506 si
1158 2466 1229 2522 qui
1251 2466 1466 2523 ignoratis,

115 2549 165 2575 ex
194 2533 326 2574 nihilo
357 2534 511 2590 putatis
538 2550 645 2584 esse,
680 2535 794 2590 quod
825 2535 1053 2577 nascimur.
1090 2535 1229 2586 Quam
1264 2551 1314 2577 ex
1346 2552 1474 2593 parvo

117 2601 260 2659 quanti
275 2602 515 2659 exurgimus
532 2604 540 2643 l
562 2604 613 2645 Et
631 2603 664 2645 si
681 2618 765 2646 non
779 2604 1072 2661 exprimimus,
1089 2605 1320 2662 intelligitis
1338 2614 1479 2648 tamen
