1774 3158
280 235 330 278 16
829 240 860 269 s.
911 236 1103 267 aninnosu
1161 281 1167 287 ἱ

275 341 369 369 mus
397 323 488 366 tibi.
522 320 606 373 Qui
641 332 738 361 cum
762 332 782 358 a
809 317 903 359 viro
936 314 1069 357 nobili
1099 311 1352 356 revocareris
1381 307 1634 367 Symmacho

278 407 350 439 tuo
373 401 547 452 parente
563 424 572 439 ,
609 388 722 447 quod
744 388 893 430 ardere
915 386 1027 428 hello
1050 384 1166 426 Italia
1192 384 1402 426 diceretur
1418 415 1427 429 ‚
1461 381 1574 438 quod
1594 379 1636 420 in

279 465 518 522 periculum
542 459 760 507 tenderes,
786 458 899 514 quod
925 456 966 497 in
991 455 1155 499 hostem
1178 454 1436 500 incurrere53
1461 465 1635 508 respon-

285 533 379 575 disti
415 533 524 575 hanc
563 530 695 588 ipsam
728 528 805 570 tibi
835 540 1002 568 causam
1039 539 1128 567 esse
1156 523 1379 571 veniendi,
1413 537 1466 563 ne
1493 528 1637 563 nostro

284 604 449 645 deesses
485 600 673 658 periculo
697 631 707 646 ‚
746 606 790 639 ut
832 603 1072 639 consortem
1111 603 1151 636 te
1182 591 1354 635 fraterni
1388 589 1638 635 disci-lminis

283 673 516 716 exhiberes.

347 739 558 785 XXXIII.
587 738 704 780 Felix
726 737 851 793 igitur
867 744 952 778 tam
967 743 1204 792 opportuno
1224 734 1356 782 obitu,
1369 733 1465 790 quia
1482 748 1565 775 non
1581 737 1644 773 est

290 812 333 854 in
356 813 470 854 hune
494 818 678 853 servatus
697 808 886 849 dolorem
902 806 932 848 ¹.
957 806 1080 848 Certe
1098 805 1259 847 felicior
1272 819 1398 862 quam
1416 813 1557 847 sancta
1576 818 1646 846 so·

291 897 384 932 ror,
412 898 503 940 quae
533 889 602 922 tuo
626 878 773 920 solatio
806 877 1029 924 destituta,
1068 877 1119 918 ‹le
1145 892 1219 918 suo
1248 877 1410 933 pudore
1440 875 1614 918 sollicita
1632 906 1642 922 ,

293 954 461 999 duobus
488 965 622 1008 nuper
638 949 759 991 beata
791 947 1024 1004 germanis,
1054 961 1167 989 nunc
1190 961 1240 988 ex
1261 946 1424 988 duobus
1450 945 1647 988 fratribus

295 1037 554 1070 aerumnosa‚
590 1034 726 1075 neque
754 1018 932 1060 alterum
962 1016 1078 1073 sequi
1104 1025 1272 1074 potest,
1306 1032 1441 1073 noque
1469 1018 1648 1059 alterum

295 1094 588 1148 derelinquere
615 1103 624 1129 ε
651 1087 719 1129 cui
753 1088 940 1128 tumulus
972 1086 1201 1144 hospitium
1233 1094 1352 1134 tuus,
1387 1095 1429 1129 et
1462 1086 1650 1144 corporis

298 1166 359 1209 tui
393 1162 635 1220 sepulcrum
667 1165 730 1198 est
765 1157 930 1198 domus.
967 1156 1106 1212 Atque
1139 1156 1300 1198 utinam
1323 1157 1388 1198 vel
1410 1156 1492 1198 hoc
1512 1164 1652 1198 tutum

302 1229 603 1277 diversorium!
630 1225 758 1268 Cibus
784 1225 825 1267 in
850 1225 1036 1274 fletibus,
1062 1233 1183 1282 potus
1201 1225 1243 1267 in
1263 1225 1483 1282 lacrymi53
1510 1225 1654 1268 cibum

301 1303 458 1347 etenim
476 1297 626 1342 dedisti
643 1295 763 1338 nobis
780 1310 932 1352 panem
951 1296 1234 1352 lacrymarum
1247 1329 1256 1343 ‚
1279 1303 1320 1336 et
1335 1295 1655 1352 potum‘dedisti

303 1373 424 1417 nobis
452 1372 492 1413 in
523 1366 723 1423 lacrymis
750 1366 791 1408 in
827 1381 1021 1408 mensura
1042 1399 1051 1414 ‚
1091 1373 1162 1408 aut
1202 1365 1376 1408 sortasse
1414 1367 1521 1409 ultra
1545 1381 1658 1409 mon·

309 1440 496 1488 suram2.

366 1509 569 1558 XXXIV.
608 1509 711 1563 Nam
736 1508 838 1565 quid
864 1508 914 1549 de
937 1521 1004 1550 me
1025 1507 1190 1564 loquar,
1221 1507 1290 1550 cui
1314 1523 1452 1565 neque
1479 1508 1588 1551 mori
1615 1506 1662 1551 li-

310 1593 399 1634 cet,
431 1597 484 1625 ne
515 1595 702 1623 sororem
725 1578 958 1635 relinquam
985 1593 1151 1636 :neque
1181 1579 1320 1621 vivere
1352 1580 1476 1629 libet,
1502 1595 1555 1622 no
1578 1596 1599 1622 a
1623 1589 1662 1622 te

311 1652 487 1698 avellat?
505 1651 620 1703 Quid
642 1650 755 1693 enim
776 1647 879 1690 mihi
899 1648 987 1690 siue
1009 1657 1050 1690 te
1073 1656 1211 1705 potest
1232 1664 1320 1691 esse
1340 1648 1595 1706 jucundum,
1620 1649 1664 1691 in

310 1741 393 1784 quo
421 1722 555 1766 omnis
586 1736 751 1778 semper
783 1719 861 1761 suit
892 1727 1033 1761 nostra
1065 1718 1335 1775 jucunditas?
1365 1729 1435 1762 aut
1456 1721 1557 1776 quid
1580 1719 1666 1762 diu-

312 1798 394 1839 tius
416 1795 458 1837 in
482 1794 561 1836 hac
591 1793 675 1834 vita
707 1791 857 1849 degere
883 1790 1020 1847 juvat,
1051 1799 1175 1847 atque
1197 1791 1238 1832 in
1262 1791 1382 1833 terris
1413 1792 1590 1839 morari,
1624 1792 1666 1834 in

312 1868 465 1926 quibus
491 1864 637 1908 tandiu
664 1864 852 1920 jucunde
885 1862 1078 1911 viximus,
1107 1862 1292 1918 quandiu
1320 1862 1445 1904 simul
1470 1862 1659 1905 viximus.

314 1938 401 1982 Etsi
425 1944 534 1979 esset
554 1935 669 1992 quod
687 1934 755 1975 hic
780 1934 988 1975 delectare
1009 1947 1084 1973 nos
1110 1941 1264 1989 posset,
1292 1931 1379 1973 sine
1400 1940 1437 1973 te
1458 1932 1668 1974 delectare

317 2023 401 2051 non
425 2013 643 2064 possetzet
664 2004 695 2045 si
724 2004 892 2059 quando
917 2002 1193 2043 voluissemus
1219 2001 1406 2058 impenso
1431 2002 1555 2044 vitam
1576 2016 1670 2059 pro-

318 2080 489 2123 ducere,
515 2076 601 2133 jam
624 2083 763 2117 tamen
781 2074 869 2115 sine
887 2081 925 2115 te
942 2088 1030 2114 csse
1045 2073 1263 2114 nollemus.

376 2146 558 2193 XXXV.
596 2146 695 2188 Haec
726 2143 1015 2185 intolerabilia.
1052 2142 1166 2195 Quid
1191 2143 1303 2185 enim
1336 2144 1552 2187 tolerabile
1582 2144 1671 2186 sine

320 2226 488 2263 tetanto
501 2217 594 2260 vitae
609 2215 780 2265 comite,
793 2222 908 2257 tanto
918 2214 1112 2257 laborum
1126 2229 1334 2263 meorum,
1351 2214 1672 2272 officiorumque

369 2339 379 2355 ¹
401 2328 464 2361 llic
479 2332 601 2371 aperta,
620 2331 655 2358 ut
686 2325 824 2358 advertit
853 2325 1006 2363 Nannius,
1024 2324 1160 2356 imitatio
1176 2329 1221 2357 est
1249 2323 1379 2367 hujusce
1396 2325 1455 2357 loci
1475 2325 1663 2368 virgiliani:

324 2383 454 2417 AEucid.
470 2395 514 2419 xi,
538 2381 595 2413 158
612 2387 641 2413 et
663 2382 733 2422 ¹59·

593 2479 708 2489 .....
740 2458 867 2498 Tuque,
890 2468 907 2488 o
925 2456 1117 2488 sanctissima
1135 2456 1246 2498 conjux
1265 2479 1273 2489 0

546 2511 634 2543 Felix
656 2516 839 2547 murteum,
857 2521 959 2553 neque
976 2512 1006 2542 in
1027 2511 1108 2542 huuc
1125 2516 1245 2543 servata
1262 2511 1401 2543 dolorem
1418 2514 1424 2542 ἱ

328 2598 367 2604 -
386 2589 397 2602 ²
419 2577 496 2611 Psal.
521 2586 627 2614 mxxix,
647 2576 676 2608 6.
