1774 3158
245 201 270 243 8
808 211 837 237 s.
875 209 1065 238 Ammosu

246 291 465 348 plenitudo
483 290 517 331 D
530 287 726 330 ivinitatis
743 295 821 329 est.
849 287 1003 329 Factus
1016 301 1065 328 ex
1077 296 1211 330 matre
1226 321 1236 337 ‚
1264 297 1386 330 natus
1397 303 1446 330 ex
1459 290 1600 339 Patre;

260 362 372 404 idom
407 370 542 402 tamen
574 367 614 400 et
643 366 766 399 natus
794 366 854 398 est
886 366 928 399 et
958 358 1077 399 datus
1107 373 1116 398 :
1147 372 1231 399 non
1264 359 1500 408 diversum,
1533 363 1605 402 sed

259 447 391 474 unum
414 438 548 487 putes.
573 430 687 471 Unus
714 428 826 470 enim
849 428 922 470 Dei
946 428 1075 470 Filius
1095 460 1107 477 ,
1132 437 1172 470 et
1191 436 1313 471 natus
1334 445 1385 472 ex
1405 433 1609 480 Patre,et

259 512 377 544 ortus
395 517 445 544 ex
463 501 657 558 Virgine,
694 499 862 541 distanti
886 499 1059 550 ordine,
1092 501 1166 541 sed
1193 500 1234 541 in
1269 515 1400 543 unum
1426 516 1609 544 concur-

257 581 377 615 rente
413 571 586 613 nomine
604 602 614 618 ,
649 570 758 612 sicut
784 577 825 611 et
848 584 1029 626 praescns
1050 570 1175 611 lectio
1200 570 1346 618 (locet,
1378 572 1473 627 quia
1501 587 1543 612 :a
1561 572 1611 613 Et

259 660 275 681 »
290 642 418 683 homo
434 640 570 682 factus
593 648 653 681 est
678 639 718 680 in
740 655 803 688 ea,
824 648 866 681 et
884 639 971 696 ipse
990 639 1180 681 fundavit
1198 655 1288 681 eam
1305 639 1599 689 Altissimussfl

216 704 218 706 ¹
260 712 390 754 homo
411 710 553 766 utique
581 724 781 766 corpore,
803 709 1040 751 Altissimus
1061 718 1281 766 potestate.
1310 710 1362 752 Et
1384 710 1416 751 si
1440 710 1550 754 Dens
1572 719 1611 753 et

260 780 388 823 homo
408 779 832 827 diversitatenaturae‚
850 779 958 820 idem
978 788 1115 820 tamen
1133 794 1216 820 non
1236 780 1340 821 alter
1358 779 1397 821 in
1418 787 1607 836 utroque.

261 851 387 892 Aliud
405 864 503 906 ergo
522 848 700 905 speciale
714 856 873 890 naturae
885 864 984 897 suae,
1001 849 1111 891 aliud
1129 864 1356 891 commune
1373 850 1610 892 nobiscum:

264 923 337 963 sed
360 921 401 961 in
423 929 601 976 utroque
623 935 730 961 unus
747 953 756 968 ‚
774 928 815 960 et
833 927 1011 976 utroque
1039 920 1264 976 perfectus.

323 991 439 1033 XIII.
477 990 568 1032 Non
588 990 716 1047 igitur
727 989 965 1031 mirandum
982 998 1069 1038 est,
1091 991 1185 1047 quia
1205 999 1246 1033 et
1267 991 1495 1033 Dominum
1520 1007 1617 1034 eum

266 1071 308 1105 ot
331 1061 543 1103 Christum
567 1061 665 1102 fecit
685 1060 809 1102 Deus.
832 1060 950 1102 Fecit
969 1074 1068 1116 ergo
1089 1060 1253 1109 Jesum,
1273 1075 1369 1102 eum
1384 1061 1529 1118 utique
1545 1061 1616 1118 qui

267 1148 316 1173 ex
335 1145 512 1188 corpore
529 1144 683 1171 nomen
704 1129 892 1186 accepit3
913 1129 1010 1171 fecit
1029 1145 1124 1170 enm
1140 1131 1285 1186 dequo
1303 1130 1427 1172 etiam
1446 1130 1618 1188 patriar-

270 1203 347 1243 cha
377 1201 524 1243 scribit
549 1200 682 1242 David
716 1214 756 1240 :«
774 1200 906 1242 Mater
925 1200 1025 1241 Sion
1057 1199 1167 1241 dicet
1193 1216 1201 1242 :
1225 1201 1386 1249 Homo,
1417 1209 1459 1242 et
1491 1201 1619 1242 homo

270 1291 285 1311 »
302 1272 433 1312 sactus
457 1279 519 1312 est
541 1270 581 1311 in
600 1285 663 1318 ea,
678 1289 692 1309 »
708 1270 843 1311 Ilomo
859 1277 998 1311 autem
1019 1269 1154 1311 sactus
1177 1269 1385 1312 dissimilis
1403 1270 1547 1327 utique
1559 1280 1622 1313 est

269 1357 352 1383 non
372 1340 622 1388 Divinitate‚
651 1341 724 1381 scd
746 1354 925 1396 corpore
950 1354 959 1380 ε
985 1354 1062 1381 nec
1089 1339 1293 1381 discretus
1319 1355 1339 1381 a
1370 1340 1517 1389 Patre,
1548 1342 1622 1383 sed

270 1420 469 1468 exceptus
487 1411 528 1452 in
552 1425 726 1452 munere
753 1425 762 1450 ε
788 1424 962 1451 manens
982 1410 1021 1450 in
1042 1409 1252 1451 consortio
1280 1410 1518 1466 potestatis,
1555 1426 1622 1452 se-

272 1486 466 1537 gregatus
491 1481 531 1521 in
550 1481 749 1537 mysterio
766 1479 982 1536 passionis,

332 1550 445 1594 XIV.
484 1551 608 1592 Plura
638 1550 719 1592 loci
742 1550 868 1606 hujus
895 1557 1098 1592 tractatus
1124 1550 1335 1607 exposcit,
1359 1550 1512 1606 quibus
1533 1565 1626 1607 pos-

274 1624 404 1665 simus
426 1622 649 1664 ostendere
673 1621 968 1678 auctoritatem
992 1620 1124 1662 Patris
1141 1654 1150 1668 ‚
1169 1621 1468 1678 proprietatem
1494 1621 1588 1664 Filii
1611 1654 1622 1671 ,

274 1692 488 1737 Trinitatis
530 1692 656 1733 totius
691 1691 896 1734 unitatem
925 1706 935 1731 z
972 1691 1045 1732 sed
1081 1691 1323 1732 consolandi
1350 1691 1476 1733 hodie
1496 1724 1507 1740 ,
1541 1706 1626 1733 non

275 1762 483 1805 tractandi
515 1770 654 1818 partes
677 1761 842 1817 recepi;
879 1775 1120 1816 quanquam
1149 1760 1364 1801 abducere
1394 1776 1413 1801 a
1441 1775 1623 1803 moerore

278 1833 464 1874 animum
489 1830 721 1872 intentione
749 1830 957 1871 tractandi
984 1829 1282 1871 consolationis
1304 1830 1355 1871 sit
1387 1845 1498 1872 usus.
1544 1830 1628 1872 Sed

274 1902 574 1959 temperandus
598 1900 700 1942 mihi
722 1901 853 1957 magis
871 1915 1051 1949 moeror,
1084 1915 1208 1956 quam
1237 1900 1479 1942 alienandus
1509 1900 1629 1944 assec-

276 1982 368 2021 tus;
390 1981 436 2014 nt
453 1972 866 2027 mulceanturmagis
882 1971 1086 2013 desideria
1102 2004 1112 2020 ,
1137 1985 1262 2027 quam
1284 1971 1513 2027 sopiantur.
1537 1972 1628 2014 Non

275 2043 379 2084 libet
401 2042 513 2084 enim
536 2041 652 2082 abire
673 2056 691 2082 a
709 2041 835 2082 fratrc
853 2040 1016 2097 longius
1034 2072 1044 2088 ,
1068 2048 1110 2082 et
1131 2040 1410 2097 occupatione
1432 2041 1627 2090 subduci3

278 2127 375 2153 cum
397 2113 512 2154 velut
530 2111 759 2153 comitandi
783 2111 873 2167 ejus
895 2110 1024 2167 gratia
1045 2110 1112 2152 hic
1142 2124 1279 2152 sermo
1303 2119 1522 2167 susceptus
1546 2110 1626 2160 sit,

277 2191 322 2223 ut
346 2180 500 2223 diutius
519 2196 643 2222 sensu
668 2195 898 2237 prosequar
915 2178 1254 2236 proficiscentem
1272 2195 1281 2220 ε
1296 2188 1336 2221 ct
1354 2195 1479 2236 quem
1496 2180 1630 2222 oculis

278 2261 401 2293 tenco
422 2284 433 2299 ,
462 2260 604 2292 mente
629 2252 903 2307 complectar.
938 2250 983 2291 In
1016 2250 1086 2292 illo
1116 2250 1228 2290 enim
1257 2258 1385 2291 totam
1409 2251 1630 2293 oculorum

280 2323 410 2363 aciem
438 2321 565 2378 figere
582 2321 686 2362 libet
704 2354 714 2369 ‚
739 2336 835 2362 cum
857 2321 927 2362 illo
947 2320 1043 2362 totis
1062 2320 1297 2361 animorum
1320 2319 1466 2362 officiis
1485 2321 1631 2362 immo-

277 2393 384 2439 rari,
413 2392 530 2432 illum
558 2399 645 2433 toto
668 2390 970 2432 blanditiarum
995 2389 1154 2431 ambire
1170 2390 1398 2446 obscquio3
1424 2389 1524 2432 dum
1541 2399 1631 2433 stu-

275 2469 344 2519 pet
371 2460 534 2502 animus
552 2493 561 2509 ,
589 2472 667 2502 nec
693 2460 892 2503 amissum
917 2460 1046 2503 credo
1061 2492 1073 2509 ,
1089 2474 1213 2516 quem
1231 2460 1370 2502 adhuc
1389 2474 1517 2503 cer-no
1531 2475 1631 2518 prae·

327 2558 336 2574 ¹
361 2554 442 2586 Ptol.
462 2554 634 2592 11xxxv1‚5.
