1774 3158
476 262 759 293 EPISTQLARUM
792 263 950 292 cussis
981 265 1008 292 1.
1342 254 1424 302 435

80 342 304 400 pendenda
326 341 404 384 sibi
424 342 573 384 merita
593 341 925 385 conversationis
943 357 1039 385 suae.
1069 343 1119 385 Et
1151 344 1326 401 pulchre
1346 346 1400 388 ait
1419 365 1427 389 :

94 429 110 451 ι
129 413 301 470 Propria
332 411 519 469 corporis
539 444 549 460 ,
580 429 596 450 ι
630 411 674 454 id
707 419 786 459 est,
822 413 938 468 quod
959 414 1145 471 suscepit
1168 418 1426 472 regenduu13

83 490 132 524 ut
154 483 187 524 si
209 483 316 524 bene
332 482 453 529 rexit,
479 481 700 538 praemium
721 481 893 530 reserat,
933 492 1106 540 propter
1145 488 1258 541 quod
1274 487 1315 528 in
1357 503 1428 544 spe

82 550 273 607 subjecta
293 559 384 593 est:
413 559 455 593 et
475 551 507 592 si
529 552 639 593 male
664 583 675 599 .
700 551 981 608 supplicium;
1025 554 1122 609 quia
1143 569 1228 596 non
1251 558 1431 613 speravit

82 621 126 664 in
147 624 298 671 Deum,
327 636 406 664 nec
430 623 482 663 ad
500 622 613 664 illam
639 622 908 679 adoptionem
932 622 1132 673 filiorum,
1163 635 1206 668 et
1239 629 1290 669 ad
1326 643 1432 671 verae

83 693 322 736 libertatem
344 692 553 736 affectavit
574 692 730 750 glorias.

149 764 218 807 VI.
255 763 407 806 Docuit
423 763 549 821 igitur
560 763 784 819 Apostolus
802 763 916 820 quod
936 762 1110 807 humani
1134 767 1295 822 generis
1317 783 1436 810 crea-

84 842 178 876 tura
208 833 398 889 subjecta
420 833 592 876 vanitati
615 833 679 875 sit.
718 832 834 883 Quid
864 833 979 875 enim
1009 843 1094 876 tam
1130 835 1285 886 homo,
1310 852 1435 894 quam

86 903 223 945 anima
245 902 369 959 ejus?
395 903 458 946 De
474 903 740 945 consortibus
762 902 853 959 ejus
881 903 983 946 dicit
1015 919 1025 946 t
1056 922 1072 943 α
1096 906 1202 949 Cum
1227 923 1374 950 sumus
1397 909 1437 950 in

85 992 101 1014 ι
116 988 297 1030 corpore
318 974 397 1016 isto
411 1006 422 1023 ‚
449 973 765 1031 ingemiscimus
788 974 946 1030 gravati
963 974 993 1016 ⁵.
1010 993 1026 1014 n
1057 974 1139 1018 Sed
1163 985 1203 1018 et
1222 978 1355 1021 David
1375 981 1439 1022 di—

84 1044 143 1087 cit
168 1059 210 1086 :a
227 1045 363 1086 Homo
390 1044 563 1086 vanitati
595 1043 742 1086 similis
764 1042 900 1086 factus
923 1044 1011 1086 est2
1028 1062 1039 1093 ;
1059 1064 1074 1084 n
1111 1054 1153 1088 et
1179 1080 1188 1096 ‚
1208 1065 1223 1086 a
1240 1049 1439 1092 Universa

28 1163 31 1166 ῃ
84 1132 101 1154 n
115 1114 275 1156 vanitas
293 1113 428 1156 omnis
446 1114 577 1156 homo
593 1111 777 1155 vivens³.
795 1132 810 1152 ι
825 1112 918 1156 Vita
936 1114 1078 1171 itaque
1095 1116 1279 1159 hominis
1298 1119 1338 1160 in
1358 1120 1438 1162 hoc

89 1186 244 1226 saeculo
267 1184 427 1226 vanitas
447 1191 521 1226 est.
543 1184 652 1226 Huic
678 1184 850 1226 vanitati
876 1184 1069 1241 subjecta
1096 1196 1158 1228 est
1183 1188 1334 1231 anima.
1358 1190 1442 1232 Ita—

88 1270 170 1311 que
191 1264 361 1297 sanctus
374 1270 471 1297 cum
484 1254 584 1297 facit
604 1269 697 1311 quae
713 1262 809 1297 sunt
833 1255 1021 1312 corporis
1034 1289 1043 1304 ,
1062 1271 1144 1299 non
1163 1268 1310 1315 sponte
1321 1259 1435 1309 facit,

84 1339 170 1367 non
193 1325 335 1366 volens
351 1357 360 1373 ‚
384 1323 676 1380 sedtuPropter
697 1339 794 1365 eum
818 1325 890 1380 qui
909 1325 1091 1381 subjecit
1118 1328 1159 1368 in
1186 1329 1326 1385 spe‘⁴,n
1341 1330 1440 1372 facit

85 1403 133 1437 ut
156 1394 194 1436 ei
215 1402 373 1451 pareat.
399 1394 465 1436 Ab
488 1394 570 1436 hoc
594 1393 721 1450 igitur
736 1395 930 1451 exemplo
947 1395 1095 1438 animae
1119 1400 1438 1455 progrediamur

87 1467 139 1507 ad
172 1473 386 1508 creaturas
408 1464 604 1521 reliquas.

144 1533 235 1577 Vll.
271 1535 464 1592 Propone
482 1534 559 1577 tibi
579 1535 734 1581 solem,
759 1534 902 1577 lunam
918 1567 929 1583 ,
955 1544 997 1577 ct
1019 1536 1182 1584 stellas,
1218 1553 1312 1594 quae
1343 1540 1437 1582 coeli

83 1604 244 1646 lumina
261 1604 339 1646 etsi
360 1605 563 1660 praeclaro
586 1603 748 1658 fulgent
767 1603 920 1652 nitore,
938 1613 1141 1647 creaturae
1162 1616 1259 1650 sunt
1277 1617 1433 1658 tamen,

89 1683 131 1717 et
153 1675 205 1717 ad
228 1674 520 1730 quotidianum
538 1673 818 1714 ministerium
836 1674 901 1715 vel
921 1684 1114 1729 surgunt,
1131 1677 1195 1717 vel
1217 1678 1435 1728 occidunt,

91 1744 317 1786 servientes
359 1743 619 1801 dispositioni
665 1743 876 1785 Creatoris
909 1746 1055 1786 aeterni
1080 1778 1091 1794 .
1151 1747 1435 1792 ministrantes

86 1815 353 1871 splendorem
371 1847 380 1863 ‚
398 1829 481 1871 quo
499 1814 750 1862 vestiuntur,
773 1823 897 1869 atque
921 1814 988 1856 die
1010 1824 1218 1873 nocteque
1235 1818 1432 1862 emicant.

87 1885 262 1936 Quoties
284 1887 346 1928 sol
363 1886 440 1928 iste
461 1885 674 1927 obtexitur
687 1884 900 1926 nubibus?
927 1887 1088 1942 quoties
1109 1888 1281 1943 objectu
1300 1891 1439 1933 aufer·-

85 1964 156 1998 tur
178 1964 299 1998 terrae
314 1989 325 2005 ,
345 1957 411 1998 vel
433 1970 531 1998 cum
555 1970 578 1997 e
600 1955 774 2012 regione
795 1954 887 2011 ejus
909 1956 1079 1998 luminis
1098 1958 1160 2000 sui
1184 1960 1323 2002 radius
1346 1961 1440 2002 sue-

85 2026 141 2068 rit
161 2041 432 2083 repercussus
448 2057 459 2074 ‚
484 2025 680 2067 oriuntur
696 2025 871 2082 eclipses
885 2059 897 2074 ,
919 2034 974 2068 ret
993 2059 1001 2074 ,
1039 2036 1084 2069 ut
1111 2028 1166 2070 ait
1186 2029 1403 2086 Scriptura
1422 2047 1433 2074 τ

97 2114 113 2136 α
125 2096 244 2140 Luna
263 2097 378 2139 novit
394 2111 570 2139 occasus
583 2111 679 2138 suos
692 2096 732 2137 ⁵?
748 2114 762 2134 υ
778 2095 901 2138 Novit
913 2099 1080 2153 quando
1097 2099 1222 2156 pleno
1243 2101 1345 2143 orbe
1364 2117 1439 2144 suo

85 2169 250 2217 luceat,
276 2169 445 2225 quando
466 2168 690 2210 exinanito.
717 2167 859 2209 Stellae
876 2182 1044 2224 quoque
1061 2170 1226 2213 nebulis
1247 2173 1441 2216 obductae

86 2248 342 2287 vanescunt,
368 2253 461 2296 quae
482 2238 691 2280 sustinent
706 2238 927 2281 ministerii
950 2239 1076 2296 hujus
1096 2244 1300 2285 mundani
1325 2261 1438 2294 usus,

87 2324 173 2353 non
195 2319 343 2367 sponte
366 2310 533 2366 utique,
559 2309 632 2351 sed
663 2309 705 2350 in
725 2324 820 2366 spe3
855 2309 954 2366 quia
980 2320 1148 2367 sperant
1165 2313 1292 2355 etiam
1315 2315 1440 2372 hujus

85 2380 240 2423 laboris
272 2380 447 2437 gratiam
479 2380 528 2421 ab
561 2394 637 2428 eo,
681 2380 753 2436 qui
780 2379 963 2435 subjecit
988 2395 1057 2422 eus
1079 2381 1220 2438 (150).
1254 2385 1437 2442 ideoque

86 2459 258 2508 propter
275 2466 372 2493 eum
394 2451 602 2492 sustinent
617 2482 628 2498 ‚
652 2449 694 2491 id
713 2459 801 2500 est,
828 2459 1002 2508 propter
1022 2451 1112 2509 ejus
1136 2456 1407 2498 voluntatem.

135 2562 144 2577 ¹
163 2565 180 2585 2
196 2554 273 2586 Cor.
300 2564 332 2592 v,
359 2552 392 2590 4.
414 2571 456 2578 ·-
476 2560 489 2576 ²
508 2553 595 2586 Psal.
610 2552 768 2592 (τμῆμά.
788 2569 829 2577 -·
847 2553 931 2586 ³1d.
955 2563 1091 2594 xxxviii,
1108 2556 1139 2589 6,
1166 2574 1205 2581 -
1224 2559 1237 2584 4
1254 2560 1350 2591 Rom,
1366 2568 1440 2597 vm,

90 2618 141 2640 πο.
157 2626 198 2634 -
214 2610 227 2632 ⁶
252 2607 335 2642 Psal.
352 2618 426 2647 cin,
444 2618 494 2650 ¹9·

1232 2668 1297 2709 28.
