1774 3158
274 223 359 266 508
778 235 1112 265 Asson-rioms.

270 313 492 357 Faustinus
522 312 802 361 schismatici,
830 314 983 370 quibus
1010 314 1135 356 etiam
1160 314 1345 357 subsidio
1376 316 1488 359 venit
1513 317 1617 360 Am·

271 383 433 425 mianus
451 383 662 440 religionis
684 383 920 426 christianae
943 394 1108 442 apertus
1133 384 1261 427 bostis
1281 401 1289 426 :
1309 400 1452 428 verum
1472 388 1616 444 quanti

269 454 406 496 facere
440 462 631 511 oporteat
664 454 907 511 hujusmodi
943 456 1163 497 hominum
1198 457 1456 505 testimonia,
1492 473 1616 500 nemo

271 540 354 566 non
378 524 502 567 videt.
534 525 657 567 Certe
680 525 904 568 Damasum
931 527 1097 568 abunde
1119 542 1138 567 a
1162 528 1281 584 culpa
1311 528 1491 570 liberant
1519 544 1616 572 cum

269 594 449 637 Joventii
465 602 509 637 ac
522 594 756 637 Praetextati
777 596 1070 652 praescctorum
1085 596 1222 643 Urbis,
1237 605 1325 638 tum
1340 597 1616 641 Valentiniani

270 664 396 721 ipsius
434 664 650 706 sententiae
682 666 878 707 L‘rsinum
913 666 1045 708 Roma
1081 667 1401 723 expellentium;
1436 668 1618 710 maxime

215 734 227 737 ⁰
271 750 368 776 vero
397 736 681 778 Conciliorum
708 737 993 778 Romanorum
1024 745 1064 777 et
1096 737 1222 793 hujus
1244 737 1520 793 Aquileiensis
1548 738 1619 795 ju-

270 806 402 854 dicia,
437 807 570 863 elogia
602 816 844 848 sanctorum
875 807 1087 849 Ambrosii
1121 820 1243 863 atque
1268 809 1512 866 Hieronymi
1536 825 1545 851 ε
1570 825 1618 852 ac

267 879 437 919 demum
468 877 633 925 Rufini,
663 877 846 919 Socratis
880 879 1142 936 aliorumque
1173 878 1469 921 historicorum
1501 881 1618 924 testi-

268 961 425 989 monia.

615 1063 860 1093 Amorum
899 1054 1013 1108 (102)
1053 1068 1145 1111 pag.
1187 1057 1282 1109 274.

328 1172 589 1231 Gregorc'um
606 1187 690 1214 non
705 1188 802 1214 vero
821 1171 1079 1214 Nectarium
1093 1174 1316 1230 legendum
1331 1189 1419 1216 esse
1432 1174 1619 1217 Valesius

267 1252 306 1284 ct
326 1252 417 1300 post
435 1258 530 1284 eum
549 1244 815 1285 Hermannus
835 1243 1079 1285 arbitratur.
1105 1243 1156 1284 Et
1177 1259 1275 1285 sane
1297 1244 1494 1286 historica
1513 1245 1619 1286 ratio

268 1313 443 1368 pulchre
467 1313 679 1355 convenit.
712 1313 815 1356 Nam
848 1328 945 1354 cum
969 1313 1222 1370 Gregorium
1245 1313 1436 1356 Meletius
1469 1314 1620 1369 aliique

265 1385 406 1427 Patres
428 1384 901 1442 Constantinopolitanae
924 1385 1072 1440 synodi
1091 1384 1228 1426 eidem
1249 1385 1446 1426 Ecclesiae
1469 1384 1619 1442 praese-

264 1454 432 1500 cissent,
452 1454 525 1495 ubi
542 1469 564 1495 e
581 1453 680 1495 vivis
696 1454 871 1495 excessit
891 1454 1002 1496 idem
1019 1453 1227 1502 meletius,
1248 1454 1452 1512 Gregorio
1468 1462 1618 1512 sponte

266 1524 360 1565 loco
392 1523 557 1565 cedenti
580 1523 819 1566 Nectarium
846 1517 1049 1566 Praesules
1078 1523 1295 1567 suffecere.
1329 1524 1525 1567 Attamen
1553 1524 1621 1566 vix

266 1592 468 1634 credibile
494 1592 545 1634 sit
570 1593 810 1635 Nectarium
835 1593 1050 1650 irrepsisse
1073 1593 1114 1634 in
1135 1608 1277 1635 omnes
1299 1595 1394 1637 cod.
1420 1608 1496 1651 pro
1519 1593 1621 1635 Gre-

268 1664 396 1720 gorio.
429 1663 533 1706 Nam
561 1664 699 1721 primo
722 1672 885 1706 certum
918 1672 981 1705 est
1011 1664 1222 1721 praecipue
1253 1664 1316 1722 agi
1350 1666 1401 1707 de
1428 1663 1620 1707 Nectario

267 1734 346 1776 hac
379 1743 462 1775 tota
489 1734 688 1791 epistola,
721 1749 857 1791 neque
883 1733 1063 1775 Maximo
1095 1734 1172 1775 nisi
1206 1743 1400 1791 respectu
1436 1732 1620 1778 Nectarii

267 1804 506 1853 convenire,
538 1805 650 1860 quod
680 1804 784 1845 infra
809 1804 979 1852 dicitur,
1005 1805 1041 1845 is
1064 1804 1278 1845 reddatur
1310 1804 1621 1846 Constantino-

263 1875 373 1930 poli,
399 1875 475 1928 qui
497 1875 623 1928 prior
642 1874 798 1915 electus
818 1884 904 1915 est:
921 1874 1075 1916 deinde
1098 1874 1206 1915 hanc
1230 1874 1414 1917 Nectarii
1443 1872 1621 1915 destitu-

270 1945 426 1986 tionem
454 1960 503 1986 eo
527 1944 682 1986 referre
704 1944 824 1991 licet,
849 1944 961 2000 quod
985 1945 1221 1986 Theodosio
1250 1944 1493 1987 Nectarium
1518 1957 1621 1984 nec-

270 2017 370 2058 dum
394 2015 601 2073 baptismo
620 2016 829 2057 initiatum
852 2015 1020 2072 eligenti
1039 2016 1180 2072 plures
1202 2015 1404 2072 episcopi,
1426 2014 1459 2056 si
1482 2022 1620 2055 tamen

269 2086 522 2134 sozomeno,
545 2085 618 2127 lib.
645 2100 717 2136 vn,
751 2100 839 2142 cap.
873 2087 916 2134 8,
944 2085 986 2126 id
1019 2084 1218 2126 asserenti
1247 2084 1508 2126 credendum
1539 2091 1617 2131 est,

268 2155 386 2197 initio
409 2156 599 2197 reluctati
626 2164 746 2197 sunt:
763 2155 883 2197 tertio
909 2156 1079 2197 demum
1104 2153 1194 2196 haec
1218 2154 1343 2196 etiam
1367 2152 1505 2211 potuit
1530 2167 1620 2194 esse

264 2226 429 2269 Maximi
449 2227 695 2284 impostura,
715 2241 839 2283 quam
859 2227 927 2268 ille
940 2235 986 2267 ut
1003 2225 1217 2267 efficacius
1235 2225 1404 2268 Latinos
1423 2224 1464 2267 in
1479 2231 1619 2282 partes

265 2313 357 2339 suas
379 2298 664 2354 pertraheret,
694 2304 960 2339 commentus
990 2295 1132 2337 fuerit.

607 2425 1004 2481 ANNOTAT10(103)
1044 2439 1135 2483 pag.
1178 2425 1274 2466 281.

320 2547 482 2590 Melotis
515 2546 620 2589 nihil
638 2547 750 2590 aliud
773 2556 835 2590 est
857 2561 982 2604 quam
1013 2545 1134 2604 pellis
1152 2544 1272 2587 ovina
1292 2560 1303 2593 ;
1330 2543 1484 2601 quippe
1506 2543 1620 2600 quod
