<?xml version="1.0" encoding="UTF-8"?>
<!DOCTYPE html PUBLIC "-//W3C//DTD XHTML 1.0 Transitional//EN"
    "http://www.w3.org/TR/xhtml1/DTD/xhtml1-transitional.dtd">
<html xmlns="http://www.w3.org/1999/xhtml" xml:lang="en" lang="en">
 <head>
  <title>
</title>
<meta http-equiv="Content-Type" content="text/html;charset=utf-8" />
  <meta name='ocr-system' content='tesseract 3.04.00' />
  <meta name='ocr-capabilities' content='ocr_page ocr_carea ocr_par ocr_line ocrx_word'/>
</head>
<body>
  <div class='ocr_page' id='page_1' title='image "./omniaequaeextant08ambruoft_0208.png"; bbox 0 0 1774 3158; ppageno 0'>
   <div class='ocr_carea' id='block_1_1' title="bbox 300 258 1099 312">
    <p class='ocr_par' dir='ltr' id='par_1_1' title="bbox 300 258 1099 312">
     <span class='ocr_line' id='line_1_1' title="bbox 300 258 1099 312; baseline 0 -15"><span class='ocrx_word' id='word_1_1' title='bbox 300 276 313 297; x_wconf 74' lang='grc' dir='ltr'><strong><em>ι</em></strong></span> <span class='ocrx_word' id='word_1_2' title='bbox 326 258 378 312; x_wconf 83' lang='lat'>98</span> <span class='ocrx_word' id='word_1_3' title='bbox 839 270 870 297; x_wconf 86' lang='lat' dir='ltr'>s.</span> <span class='ocrx_word' id='word_1_4' title='bbox 909 270 1099 297; x_wconf 73' lang='lat' dir='ltr'>Annflosu</span> 
     </span>
    </p>
   </div>
   <div class='ocr_carea' id='block_1_2' title="bbox 293 343 1774 2561">
    <p class='ocr_par' dir='ltr' id='par_1_2' title="bbox 293 343 1774 957">
     <span class='ocr_line' id='line_1_2' title="bbox 293 343 1640 403; baseline 0.001 -17"><span class='ocrx_word' id='word_1_5' title='bbox 293 345 454 394; x_wconf 78' lang='lat' dir='ltr'>batam,</span> <span class='ocrx_word' id='word_1_6' title='bbox 470 343 644 401; x_wconf 88' lang='lat' dir='ltr'>ejusque</span> <span class='ocrx_word' id='word_1_7' title='bbox 658 346 960 389; x_wconf 77' lang='lat' dir='ltr'>sanctificatam</span> <span class='ocrx_word' id='word_1_8' title='bbox 982 346 1277 388; x_wconf 71' lang='lat' dir='ltr'>benedictione</span> <span class='ocrx_word' id='word_1_9' title='bbox 1292 355 1386 403; x_wconf 86' lang='lat' dir='ltr'>post</span> <span class='ocrx_word' id='word_1_10' title='bbox 1404 355 1465 389; x_wconf 87' lang='lat' dir='ltr'>tot</span> <span class='ocrx_word' id='word_1_11' title='bbox 1483 361 1615 389; x_wconf 85' lang='lat' dir='ltr'>annos</span> <span class='ocrx_word' id='word_1_12' title='bbox 1631 379 1640 395; x_wconf 91' lang='lat'>,</span> 
     </span>
     <span class='ocr_line' id='line_1_3' title="bbox 294 415 1645 473; baseline 0.002 -18"><span class='ocrx_word' id='word_1_13' title='bbox 294 415 382 455; x_wconf 89' lang='lat' dir='ltr'>sine</span> <span class='ocrx_word' id='word_1_14' title='bbox 409 423 580 456; x_wconf 89' lang='lat' dir='ltr'>auctore</span> <span class='ocrx_word' id='word_1_15' title='bbox 604 416 908 458; x_wconf 81' lang='lat' dir='ltr'>criminationis</span> <span class='ocrx_word' id='word_1_16' title='bbox 925 451 934 465; x_wconf 89' lang='lat'>,</span> <span class='ocrx_word' id='word_1_17' title='bbox 962 417 1050 458; x_wconf 86' lang='lat' dir='ltr'>sine</span> <span class='ocrx_word' id='word_1_18' title='bbox 1074 426 1317 458; x_wconf 78' lang='lat' dir='ltr'>accusatore</span> <span class='ocrx_word' id='word_1_19' title='bbox 1334 450 1343 464; x_wconf 91' lang='lat'>,</span> <span class='ocrx_word' id='word_1_20' title='bbox 1372 418 1460 458; x_wconf 89' lang='lat' dir='ltr'>sine</span> <span class='ocrx_word' id='word_1_21' title='bbox 1485 418 1645 473; x_wconf 81' lang='lat' dir='ltr'>profes--</span> 
     </span>
     <span class='ocr_line' id='line_1_4' title="bbox 295 481 1710 543; baseline 0.001 -18"><span class='ocrx_word' id='word_1_22' title='bbox 295 499 387 525; x_wconf 88' lang='lat' dir='ltr'>sore</span> <span class='ocrx_word' id='word_1_23' title='bbox 411 484 654 533; x_wconf 74' lang='lat' dir='ltr'>delationis,</span> <span class='ocrx_word' id='word_1_24' title='bbox 689 486 729 527; x_wconf 89' lang='lat' dir='ltr'>iu</span> <span class='ocrx_word' id='word_1_25' title='bbox 762 487 998 543; x_wconf 87' lang='lat' dir='ltr'>periculum</span> <span class='ocrx_word' id='word_1_26' title='bbox 1030 495 1169 528; x_wconf 85' lang='lat' dir='ltr'>reatus</span> <span class='ocrx_word' id='word_1_27' title='bbox 1210 487 1502 528; x_wconf 79' lang='lat' dir='ltr'>deducendam</span> <span class='ocrx_word' id='word_1_28' title='bbox 1534 486 1644 527; x_wconf 82' lang='lat' dir='ltr'>arbi·</span> <span class='ocrx_word' id='word_1_29' title='bbox 1687 481 1710 501; x_wconf 57' lang='grc' dir='ltr'>υ</span> 
     </span>
     <span class='ocr_line' id='line_1_5' title="bbox 295 550 1646 611; baseline 0.002 -19"><span class='ocrx_word' id='word_1_30' title='bbox 295 560 442 593; x_wconf 85' lang='lat' dir='ltr'>trare:</span> <span class='ocrx_word' id='word_1_31' title='bbox 478 553 545 594; x_wconf 89' lang='lat' dir='ltr'>cui</span> <span class='ocrx_word' id='word_1_32' title='bbox 585 554 739 596; x_wconf 86' lang='lat' dir='ltr'>invidia</span> <span class='ocrx_word' id='word_1_33' title='bbox 776 565 884 597; x_wconf 86' lang='lat' dir='ltr'>esset</span> <span class='ocrx_word' id='word_1_34' title='bbox 911 571 931 596; x_wconf 87' lang='lat' dir='ltr'>a</span> <span class='ocrx_word' id='word_1_35' title='bbox 969 555 1107 603; x_wconf 82' lang='lat' dir='ltr'>vanis,</span> <span class='ocrx_word' id='word_1_36' title='bbox 1144 555 1193 596; x_wconf 87' lang='lat' dir='ltr'>ab</span> <span class='ocrx_word' id='word_1_37' title='bbox 1217 555 1448 603; x_wconf 83' lang='lat' dir='ltr'>haereticis,</span> <span class='ocrx_word' id='word_1_38' title='bbox 1491 563 1535 596; x_wconf 88' lang='lat' dir='ltr'>ut</span> <span class='ocrx_word' id='word_1_39' title='bbox 1571 550 1646 611; x_wconf 81' lang='lat' dir='ltr'>ipsi</span> 
     </span>
     <span class='ocr_line' id='line_1_6' title="bbox 297 621 1774 680; baseline 0.002 -20"><span class='ocrx_word' id='word_1_40' title='bbox 297 621 468 669; x_wconf 82' lang='lat' dir='ltr'>volunt,</span> <span class='ocrx_word' id='word_1_41' title='bbox 490 636 511 662; x_wconf 89' lang='lat' dir='ltr'>a</span> <span class='ocrx_word' id='word_1_42' title='bbox 531 622 722 679; x_wconf 79' lang='lat' dir='ltr'>turpibus</span> <span class='ocrx_word' id='word_1_43' title='bbox 744 624 933 680; x_wconf 89' lang='lat' dir='ltr'>personis</span> <span class='ocrx_word' id='word_1_44' title='bbox 951 624 1133 665; x_wconf 79' lang='lat' dir='ltr'>conflata</span> <span class='ocrx_word' id='word_1_45' title='bbox 1156 639 1230 680; x_wconf 87' lang='lat' dir='ltr'>per</span> <span class='ocrx_word' id='word_1_46' title='bbox 1247 624 1380 665; x_wconf 87' lang='lat' dir='ltr'>scelus</span> <span class='ocrx_word' id='word_1_47' title='bbox 1397 656 1406 669; x_wconf 88' lang='lat'>,</span> <span class='ocrx_word' id='word_1_48' title='bbox 1425 639 1499 680; x_wconf 86' lang='lat' dir='ltr'>per</span> <span class='ocrx_word' id='word_1_49' title='bbox 1524 623 1650 664; x_wconf 85' lang='lat' dir='ltr'>avari·</span> <span class='ocrx_word' id='word_1_50' title='bbox 1743 626 1745 628; x_wconf 71' lang='grc'><strong>’</strong></span> <span class='ocrx_word' id='word_1_51' title='bbox 1771 631 1774 650; x_wconf 80' lang='lat'><strong>¹</strong></span> 
     </span>
     <span class='ocr_line' id='line_1_7' title="bbox 301 682 1774 750; baseline 0.003 -20"><span class='ocrx_word' id='word_1_52' title='bbox 301 691 419 738; x_wconf 84' lang='lat' dir='ltr'>tiam,</span> <span class='ocrx_word' id='word_1_53' title='bbox 438 706 512 748; x_wconf 89' lang='lat' dir='ltr'>per</span> <span class='ocrx_word' id='word_1_54' title='bbox 530 691 915 750; x_wconf 76' lang='lat' dir='ltr'>intemperantiam,</span> <span class='ocrx_word' id='word_1_55' title='bbox 932 694 1217 749; x_wconf 63' lang='lat' dir='ltr'>quaerentibus</span> <span class='ocrx_word' id='word_1_56' title='bbox 1237 692 1393 750; x_wconf 84' lang='lat' dir='ltr'>proprii</span> <span class='ocrx_word' id='word_1_57' title='bbox 1415 693 1651 734; x_wconf 85' lang='lat' dir='ltr'>libertatem</span> <span class='ocrx_word' id='word_1_58' title='bbox 1744 682 1748 685; x_wconf 33' lang='lat'>¹</span> <span class='ocrx_word' id='word_1_59' title='bbox 1772 691 1774 693; x_wconf 66' lang='grc'><strong>’</strong></span> 
     </span>
     <span class='ocr_line' id='line_1_8' title="bbox 300 759 1652 818; baseline 0.001 -18"><span class='ocrx_word' id='word_1_60' title='bbox 300 759 471 816; x_wconf 77' lang='lat' dir='ltr'>flagitii3</span> <span class='ocrx_word' id='word_1_61' title='bbox 492 762 541 802; x_wconf 75' lang='lat' dir='ltr'>ab</span> <span class='ocrx_word' id='word_1_62' title='bbox 561 761 609 803; x_wconf 92' lang='lat' dir='ltr'>iis</span> <span class='ocrx_word' id='word_1_63' title='bbox 625 794 635 809; x_wconf 92' lang='lat'>,</span> <span class='ocrx_word' id='word_1_64' title='bbox 659 771 872 818; x_wconf 89' lang='lat' dir='ltr'>postremo</span> <span class='ocrx_word' id='word_1_65' title='bbox 892 763 961 818; x_wconf 89' lang='lat' dir='ltr'>qui</span> <span class='ocrx_word' id='word_1_66' title='bbox 981 763 1106 803; x_wconf 88' lang='lat' dir='ltr'>domo</span> <span class='ocrx_word' id='word_1_67' title='bbox 1127 761 1217 817; x_wconf 75' lang='lat' dir='ltr'>ejus</span> <span class='ocrx_word' id='word_1_68' title='bbox 1239 761 1361 816; x_wconf 83' lang='lat' dir='ltr'>ejecti</span> <span class='ocrx_word' id='word_1_69' title='bbox 1386 762 1652 818; x_wconf 84' lang='lat' dir='ltr'>atqueelimi-</span> 
     </span>
     <span class='ocr_line' id='line_1_9' title="bbox 304 828 1653 888; baseline 0.002 -19"><span class='ocrx_word' id='word_1_70' title='bbox 304 828 390 870; x_wconf 83' lang='lat' dir='ltr'>nati</span> <span class='ocrx_word' id='word_1_71' title='bbox 416 829 572 879; x_wconf 83' lang='lat' dir='ltr'>forent,</span> <span class='ocrx_word' id='word_1_72' title='bbox 588 845 670 886; x_wconf 88' lang='lat' dir='ltr'>quo</span> <span class='ocrx_word' id='word_1_73' title='bbox 691 831 897 874; x_wconf 82' lang='lat' dir='ltr'>discolora</span> <span class='ocrx_word' id='word_1_74' title='bbox 919 847 1045 888; x_wconf 85' lang='lat' dir='ltr'>opera</span> <span class='ocrx_word' id='word_1_75' title='bbox 1069 832 1360 880; x_wconf 88' lang='lat' dir='ltr'>subtexerent,</span> <span class='ocrx_word' id='word_1_76' title='bbox 1377 846 1501 887; x_wconf 85' lang='lat' dir='ltr'>quam</span> <span class='ocrx_word' id='word_1_77' title='bbox 1519 831 1653 888; x_wconf 85' lang='lat' dir='ltr'>prima</span> 
     </span>
     <span class='ocr_line' id='line_1_10' title="bbox 305 898 1186 957; baseline 0.002 -18"><span class='ocrx_word' id='word_1_78' title='bbox 305 898 442 940; x_wconf 82' lang='lat' dir='ltr'>fronte</span> <span class='ocrx_word' id='word_1_79' title='bbox 464 914 548 940; x_wconf 58' lang='lat' dir='ltr'>suae</span> <span class='ocrx_word' id='word_1_80' title='bbox 572 900 839 956; x_wconf 79' lang='lat' dir='ltr'>professionis</span> <span class='ocrx_word' id='word_1_81' title='bbox 861 903 1186 957; x_wconf 63' lang='lat' dir='ltr'>praetenderant.</span> 
     </span>
    </p>

    <p class='ocr_par' dir='ltr' id='par_1_3' title="bbox 305 968 1750 1653">
     <span class='ocr_line' id='line_1_11' title="bbox 363 968 1654 1025; baseline 0.001 -15"><span class='ocrx_word' id='word_1_82' title='bbox 363 968 414 1011; x_wconf 83' lang='lat' dir='ltr'>II.</span> <span class='ocrx_word' id='word_1_83' title='bbox 453 969 706 1025; x_wconf 86' lang='lat' dir='ltr'>Hujusmodi</span> <span class='ocrx_word' id='word_1_84' title='bbox 737 980 1024 1018; x_wconf 75' lang='lat' dir='ltr'>accusatores,</span> <span class='ocrx_word' id='word_1_85' title='bbox 1066 970 1309 1024; x_wconf 83' lang='lat' dir='ltr'>hujusmodi</span> <span class='ocrx_word' id='word_1_86' title='bbox 1350 977 1472 1011; x_wconf 86' lang='lat' dir='ltr'>testes</span> <span class='ocrx_word' id='word_1_87' title='bbox 1504 969 1546 1010; x_wconf 89' lang='lat' dir='ltr'>in</span> <span class='ocrx_word' id='word_1_88' title='bbox 1583 978 1654 1011; x_wconf 91' lang='lat' dir='ltr'>tuo</span> 
     </span>
     <span class='ocr_line' id='line_1_12' title="bbox 305 1038 1660 1095; baseline 0 -16"><span class='ocrx_word' id='word_1_89' title='bbox 305 1039 591 1080; x_wconf 83' lang='lat' dir='ltr'>constituebas</span> <span class='ocrx_word' id='word_1_90' title='bbox 618 1038 775 1092; x_wconf 81' lang='lat' dir='ltr'>judicio</span> <span class='ocrx_word' id='word_1_91' title='bbox 793 1072 803 1088; x_wconf 91' lang='lat'>,</span> <span class='ocrx_word' id='word_1_92' title='bbox 834 1041 903 1095; x_wconf 87' lang='lat' dir='ltr'>qui</span> <span class='ocrx_word' id='word_1_93' title='bbox 934 1055 1067 1095; x_wconf 78' lang='lat' dir='ltr'>neque</span> <span class='ocrx_word' id='word_1_94' title='bbox 1104 1055 1301 1081; x_wconf 85' lang='lat' dir='ltr'>accusare</span> <span class='ocrx_word' id='word_1_95' title='bbox 1327 1040 1557 1087; x_wconf 80' lang='lat' dir='ltr'>audebant,</span> <span class='ocrx_word' id='word_1_96' title='bbox 1583 1053 1660 1080; x_wconf 89' lang='lat' dir='ltr'>ne-</span> 
     </span>
     <span class='ocr_line' id='line_1_13' title="bbox 309 1108 1659 1165; baseline 0.001 -18"><span class='ocrx_word' id='word_1_97' title='bbox 309 1122 390 1162; x_wconf 91' lang='lat' dir='ltr'>que</span> <span class='ocrx_word' id='word_1_98' title='bbox 425 1108 643 1149; x_wconf 87' lang='lat' dir='ltr'>delationis</span> <span class='ocrx_word' id='word_1_99' title='bbox 683 1123 727 1149; x_wconf 91' lang='lat' dir='ltr'>se</span> <span class='ocrx_word' id='word_1_100' title='bbox 763 1123 874 1150; x_wconf 88' lang='lat' dir='ltr'>nexu</span> <span class='ocrx_word' id='word_1_101' title='bbox 912 1109 1123 1164; x_wconf 80' lang='lat' dir='ltr'>obligarc3</span> <span class='ocrx_word' id='word_1_102' title='bbox 1150 1118 1273 1164; x_wconf 79' lang='lat' dir='ltr'>atque</span> <span class='ocrx_word' id='word_1_103' title='bbox 1312 1109 1364 1150; x_wconf 82' lang='lat' dir='ltr'>ita</span> <span class='ocrx_word' id='word_1_104' title='bbox 1411 1109 1659 1165; x_wconf 88' lang='lat' dir='ltr'>inspectioni</span> 
     </span>
     <span class='ocr_line' id='line_1_14' title="bbox 311 1175 1661 1234; baseline 0.001 -18"><span class='ocrx_word' id='word_1_105' title='bbox 311 1175 636 1231; x_wconf 85' lang='lat' dir='ltr'>adjudicandam</span> <span class='ocrx_word' id='word_1_106' title='bbox 658 1177 942 1220; x_wconf 83' lang='lat' dir='ltr'>constituebas</span> <span class='ocrx_word' id='word_1_107' title='bbox 963 1178 1182 1234; x_wconf 72' lang='lat' dir='ltr'>virginem,</span> <span class='ocrx_word' id='word_1_108' title='bbox 1207 1193 1332 1233; x_wconf 82' lang='lat' dir='ltr'>quam</span> <span class='ocrx_word' id='word_1_109' title='bbox 1355 1178 1495 1218; x_wconf 83' lang='lat' dir='ltr'>nullus</span> <span class='ocrx_word' id='word_1_110' title='bbox 1519 1193 1661 1233; x_wconf 83' lang='lat' dir='ltr'>argue-</span> 
     </span>
     <span class='ocr_line' id='line_1_15' title="bbox 309 1239 1721 1304; baseline 0.002 -18"><span class='ocrx_word' id='word_1_111' title='bbox 309 1254 397 1293; x_wconf 86' lang='lat' dir='ltr'>ret,</span> <span class='ocrx_word' id='word_1_112' title='bbox 419 1248 557 1288; x_wconf 91' lang='lat' dir='ltr'>nullus</span> <span class='ocrx_word' id='word_1_113' title='bbox 581 1247 774 1289; x_wconf 80' lang='lat' dir='ltr'>deserret.</span> <span class='ocrx_word' id='word_1_114' title='bbox 803 1249 882 1290; x_wconf 86' lang='lat' dir='ltr'>Ubi</span> <span class='ocrx_word' id='word_1_115' title='bbox 904 1248 992 1289; x_wconf 81' lang='lat' dir='ltr'>haec</span> <span class='ocrx_word' id='word_1_116' title='bbox 1016 1242 1265 1304; x_wconf 71' lang='lat' dir='ltr'>cogniLIOnis</span> <span class='ocrx_word' id='word_1_117' title='bbox 1290 1247 1562 1289; x_wconf 75' lang='lat' dir='ltr'>solemnitas?</span> <span class='ocrx_word' id='word_1_118' title='bbox 1584 1248 1662 1289; x_wconf 81' lang='lat' dir='ltr'>Ubi</span> <span class='ocrx_word' id='word_1_119' title='bbox 1699 1239 1721 1270; x_wconf 41' lang='grc' dir='ltr'>ι’</span> 
     </span>
     <span class='ocr_line' id='line_1_16' title="bbox 313 1315 1660 1374; baseline 0.001 -18"><span class='ocrx_word' id='word_1_120' title='bbox 313 1316 404 1357; x_wconf 85' lang='lat' dir='ltr'>talis</span> <span class='ocrx_word' id='word_1_121' title='bbox 430 1315 648 1372; x_wconf 85' lang='lat' dir='ltr'>judicandi</span> <span class='ocrx_word' id='word_1_122' title='bbox 670 1317 881 1359; x_wconf 78' lang='lat' dir='ltr'>formula?</span> <span class='ocrx_word' id='word_1_123' title='bbox 903 1317 945 1358; x_wconf 83' lang='lat' dir='ltr'>Si</span> <span class='ocrx_word' id='word_1_124' title='bbox 973 1320 1084 1373; x_wconf 80' lang='lat' dir='ltr'>leges</span> <span class='ocrx_word' id='word_1_125' title='bbox 1113 1318 1302 1374; x_wconf 85' lang='lat' dir='ltr'>publicas</span> <span class='ocrx_word' id='word_1_126' title='bbox 1330 1318 1660 1374; x_wconf 82' lang='lat' dir='ltr'>interrogamus,</span> 
     </span>
     <span class='ocr_line' id='line_1_17' title="bbox 312 1381 1667 1443; baseline 0.001 -17"><span class='ocrx_word' id='word_1_127' title='bbox 312 1394 600 1428; x_wconf 80' lang='lat' dir='ltr'>accusatorem</span> <span class='ocrx_word' id='word_1_128' title='bbox 623 1387 820 1443; x_wconf 83' lang='lat' dir='ltr'>exigunt3</span> <span class='ocrx_word' id='word_1_129' title='bbox 851 1381 883 1429; x_wconf 87' lang='lat' dir='ltr'>si</span> <span class='ocrx_word' id='word_1_130' title='bbox 908 1388 1105 1428; x_wconf 78' lang='lat' dir='ltr'>Ecclesiae</span> <span class='ocrx_word' id='word_1_131' title='bbox 1122 1419 1131 1435; x_wconf 81' lang='grc'><strong>,</strong></span> <span class='ocrx_word' id='word_1_132' title='bbox 1169 1406 1182 1425; x_wconf 77' lang='grc' dir='ltr'>α</span> <span class='ocrx_word' id='word_1_133' title='bbox 1204 1388 1378 1429; x_wconf 88' lang='lat' dir='ltr'>Duobus</span> <span class='ocrx_word' id='word_1_134' title='bbox 1398 1420 1408 1435; x_wconf 86' lang='lat'>,</span> <span class='ocrx_word' id='word_1_135' title='bbox 1438 1387 1598 1443; x_wconf 86' lang='lat' dir='ltr'>inquit,</span> <span class='ocrx_word' id='word_1_136' title='bbox 1625 1395 1667 1428; x_wconf 86' lang='lat' dir='ltr'>et</span> 
     </span>
     <span class='ocr_line' id='line_1_18' title="bbox 313 1456 1667 1513; baseline 0.001 -17"><span class='ocrx_word' id='word_1_137' title='bbox 313 1476 329 1494; x_wconf 77' lang='lat' dir='ltr'>n</span> <span class='ocrx_word' id='word_1_138' title='bbox 347 1456 478 1497; x_wconf 86' lang='lat' dir='ltr'>tribus</span> <span class='ocrx_word' id='word_1_139' title='bbox 501 1457 676 1498; x_wconf 86' lang='lat' dir='ltr'>testibus</span> <span class='ocrx_word' id='word_1_140' title='bbox 696 1466 776 1499; x_wconf 84' lang='lat' dir='ltr'>stat</span> <span class='ocrx_word' id='word_1_141' title='bbox 797 1473 921 1499; x_wconf 87' lang='lat' dir='ltr'>omne</span> <span class='ocrx_word' id='word_1_142' title='bbox 944 1458 1162 1499; x_wconf 78' lang='lat' dir='ltr'>verbmn&#39;:</span> <span class='ocrx_word' id='word_1_143' title='bbox 1184 1477 1197 1496; x_wconf 74' lang='lat' dir='ltr'>n</span> <span class='ocrx_word' id='word_1_144' title='bbox 1213 1459 1286 1499; x_wconf 84' lang='lat' dir='ltr'>sed</span> <span class='ocrx_word' id='word_1_145' title='bbox 1310 1457 1387 1499; x_wconf 90' lang='lat' dir='ltr'>illis</span> <span class='ocrx_word' id='word_1_146' title='bbox 1403 1458 1579 1499; x_wconf 88' lang='lat' dir='ltr'>testibus</span> <span class='ocrx_word' id='word_1_147' title='bbox 1595 1457 1667 1513; x_wconf 91' lang='lat' dir='ltr'>qui</span> 
     </span>
     <span class='ocr_line' id='line_1_19' title="bbox 319 1527 1750 1575; baseline 0 -7"><span class='ocrx_word' id='word_1_148' title='bbox 319 1535 414 1568; x_wconf 82' lang='lat' dir='ltr'>ante</span> <span class='ocrx_word' id='word_1_149' title='bbox 437 1527 682 1569; x_wconf 88' lang='lat' dir='ltr'>hesternum</span> <span class='ocrx_word' id='word_1_150' title='bbox 711 1537 753 1569; x_wconf 84' lang='lat' dir='ltr'>ct</span> <span class='ocrx_word' id='word_1_151' title='bbox 780 1528 1084 1570; x_wconf 89' lang='lat' dir='ltr'>nudiustertius</span> <span class='ocrx_word' id='word_1_152' title='bbox 1115 1544 1197 1569; x_wconf 89' lang='lat' dir='ltr'>non</span> <span class='ocrx_word' id='word_1_153' title='bbox 1230 1529 1384 1569; x_wconf 83' lang='lat' dir='ltr'>suerint</span> <span class='ocrx_word' id='word_1_154' title='bbox 1409 1527 1592 1575; x_wconf 80' lang='lat' dir='ltr'>inimici;</span> <span class='ocrx_word' id='word_1_155' title='bbox 1618 1542 1668 1568; x_wconf 91' lang='lat' dir='ltr'>ne</span> <span class='ocrx_word' id='word_1_156' title='bbox 1711 1530 1750 1560; x_wconf 73' lang='lat' dir='ltr'><em>V</em></span> 
     </span>
     <span class='ocr_line' id='line_1_20' title="bbox 319 1595 1426 1653; baseline 0.003 -17"><span class='ocrx_word' id='word_1_157' title='bbox 319 1595 411 1637; x_wconf 87' lang='lat' dir='ltr'>irati</span> <span class='ocrx_word' id='word_1_158' title='bbox 435 1611 589 1637; x_wconf 90' lang='lat' dir='ltr'>nocere</span> <span class='ocrx_word' id='word_1_159' title='bbox 611 1597 803 1653; x_wconf 86' lang='lat' dir='ltr'>cupiant,</span> <span class='ocrx_word' id='word_1_160' title='bbox 824 1612 875 1638; x_wconf 90' lang='lat' dir='ltr'>ne</span> <span class='ocrx_word' id='word_1_161' title='bbox 898 1598 983 1639; x_wconf 82' lang='lat' dir='ltr'>laesi</span> <span class='ocrx_word' id='word_1_162' title='bbox 1008 1598 1152 1639; x_wconf 84' lang='lat' dir='ltr'>ulcisci</span> <span class='ocrx_word' id='word_1_163' title='bbox 1177 1613 1266 1639; x_wconf 89' lang='lat' dir='ltr'>sese</span> <span class='ocrx_word' id='word_1_164' title='bbox 1285 1598 1426 1639; x_wconf 86' lang='lat' dir='ltr'>velint.</span> 
     </span>
    </p>

    <p class='ocr_par' dir='ltr' id='par_1_4' title="bbox 324 1665 1689 2561">
     <span class='ocr_line' id='line_1_21' title="bbox 379 1665 1669 1724; baseline 0.002 -18"><span class='ocrx_word' id='word_1_165' title='bbox 379 1665 452 1707; x_wconf 85' lang='lat' dir='ltr'><strong>III.</strong></span> <span class='ocrx_word' id='word_1_166' title='bbox 489 1665 721 1708; x_wconf 85' lang='lat' dir='ltr'>Inoffensus</span> <span class='ocrx_word' id='word_1_167' title='bbox 755 1667 881 1723; x_wconf 83' lang='lat' dir='ltr'>igitur</span> <span class='ocrx_word' id='word_1_168' title='bbox 920 1667 1093 1717; x_wconf 73' lang='lat' dir='ltr'>affectus</span> <span class='ocrx_word' id='word_1_169' title='bbox 1138 1667 1306 1708; x_wconf 90' lang='lat' dir='ltr'>testium</span> <span class='ocrx_word' id='word_1_170' title='bbox 1346 1667 1571 1724; x_wconf 62' lang='lat' dir='ltr'>quaerstum</span> <span class='ocrx_word' id='word_1_171' title='bbox 1615 1667 1669 1708; x_wconf 84' lang='lat' dir='ltr'>ita</span> 
     </span>
     <span class='ocr_line' id='line_1_22' title="bbox 324 1736 1672 1793; baseline 0.001 -17"><span class='ocrx_word' id='word_1_172' title='bbox 324 1745 463 1777; x_wconf 80' lang='lat' dir='ltr'>tamen</span> <span class='ocrx_word' id='word_1_173' title='bbox 489 1745 535 1777; x_wconf 88' lang='lat' dir='ltr'>ut</span> <span class='ocrx_word' id='word_1_174' title='bbox 569 1744 788 1778; x_wconf 82' lang='lat' dir='ltr'>accusator</span> <span class='ocrx_word' id='word_1_175' title='bbox 817 1737 932 1793; x_wconf 88' lang='lat' dir='ltr'>prius</span> <span class='ocrx_word' id='word_1_176' title='bbox 968 1738 1008 1778; x_wconf 90' lang='lat' dir='ltr'>in</span> <span class='ocrx_word' id='word_1_177' title='bbox 1037 1737 1223 1778; x_wconf 83' lang='lat' dir='ltr'>medium</span> <span class='ocrx_word' id='word_1_178' title='bbox 1258 1736 1475 1793; x_wconf 69' lang='lat' dir='ltr'>procedat.</span> <span class='ocrx_word' id='word_1_179' title='bbox 1508 1736 1589 1793; x_wconf 88' lang='lat' dir='ltr'>Ipsi</span> <span class='ocrx_word' id='word_1_180' title='bbox 1613 1736 1672 1778; x_wconf 90' lang='lat' dir='ltr'>illi</span> 
     </span>
     <span class='ocr_line' id='line_1_23' title="bbox 324 1805 1673 1862; baseline 0 -16"><span class='ocrx_word' id='word_1_181' title='bbox 324 1805 560 1862; x_wconf 74' lang='lat' dir='ltr'>presbyteri</span> <span class='ocrx_word' id='word_1_182' title='bbox 591 1805 835 1847; x_wconf 85' lang='lat' dir='ltr'>Judaeorum</span> <span class='ocrx_word' id='word_1_183' title='bbox 858 1821 1005 1847; x_wconf 77' lang='lat' dir='ltr'>manus</span> <span class='ocrx_word' id='word_1_184' title='bbox 1036 1821 1129 1847; x_wconf 91' lang='lat' dir='ltr'>suas</span> <span class='ocrx_word' id='word_1_185' title='bbox 1157 1806 1268 1862; x_wconf 88' lang='lat' dir='ltr'>prius</span> <span class='ocrx_word' id='word_1_186' title='bbox 1295 1821 1419 1862; x_wconf 86' lang='lat' dir='ltr'>supra</span> <span class='ocrx_word' id='word_1_187' title='bbox 1442 1813 1572 1862; x_wconf 68' lang='lat' dir='ltr'>paput</span> <span class='ocrx_word' id='word_1_188' title='bbox 1593 1805 1673 1846; x_wconf 90' lang='lat' dir='ltr'>im-</span> 
     </span>
     <span class='ocr_line' id='line_1_24' title="bbox 324 1874 1678 1933; baseline 0.001 -17"><span class='ocrx_word' id='word_1_189' title='bbox 324 1884 556 1932; x_wconf 86' lang='lat' dir='ltr'>posuerunt</span> <span class='ocrx_word' id='word_1_190' title='bbox 582 1875 781 1917; x_wconf 81' lang='lat' dir='ltr'>Susannae</span> <span class='ocrx_word' id='word_1_191' title='bbox 798 1875 831 1925; x_wconf 80' lang='lat'>²,</span> <span class='ocrx_word' id='word_1_192' title='bbox 857 1874 1242 1919; x_wconf 54' lang='lat' dir='ltr'>et&#39;accusationem</span> <span class='ocrx_word' id='word_1_193' title='bbox 1278 1876 1450 1933; x_wconf 81' lang='lat' dir='ltr'>professi</span> <span class='ocrx_word' id='word_1_194' title='bbox 1477 1884 1597 1925; x_wconf 88' lang='lat' dir='ltr'>sunt,</span> <span class='ocrx_word' id='word_1_195' title='bbox 1636 1883 1678 1917; x_wconf 83' lang='lat' dir='ltr'>et</span> 
     </span>
     <span class='ocr_line' id='line_1_25' title="bbox 326 1945 1676 2002; baseline -0.001 -16"><span class='ocrx_word' id='word_1_196' title='bbox 326 1947 482 2002; x_wconf 83' lang='lat' dir='ltr'>pariter</span> <span class='ocrx_word' id='word_1_197' title='bbox 506 1945 757 2000; x_wconf 80' lang='lat' dir='ltr'>addiderunt</span> <span class='ocrx_word' id='word_1_198' title='bbox 782 1947 1007 1987; x_wconf 86' lang='lat' dir='ltr'>testimonii</span> <span class='ocrx_word' id='word_1_199' title='bbox 1026 1947 1317 1988; x_wconf 82' lang='lat' dir='ltr'>auctoritatem</span> <span class='ocrx_word' id='word_1_200' title='bbox 1333 1979 1342 1994; x_wconf 93' lang='lat'>,</span> <span class='ocrx_word' id='word_1_201' title='bbox 1367 1961 1492 2002; x_wconf 87' lang='lat' dir='ltr'>quam</span> <span class='ocrx_word' id='word_1_202' title='bbox 1514 1945 1676 2001; x_wconf 87' lang='lat' dir='ltr'>impru-</span> 
     </span>
     <span class='ocr_line' id='line_1_26' title="bbox 330 2013 1678 2072; baseline -0.002 -15"><span class='ocrx_word' id='word_1_203' title='bbox 330 2017 478 2057; x_wconf 86' lang='lat' dir='ltr'>denter</span> <span class='ocrx_word' id='word_1_204' title='bbox 499 2017 678 2072; x_wconf 90' lang='lat' dir='ltr'>populus</span> <span class='ocrx_word' id='word_1_205' title='bbox 710 2017 787 2057; x_wconf 89' lang='lat' dir='ltr'>snb</span> <span class='ocrx_word' id='word_1_206' title='bbox 821 2031 964 2057; x_wconf 81' lang='lat' dir='ltr'>errore</span> <span class='ocrx_word' id='word_1_207' title='bbox 986 2017 1144 2072; x_wconf 85' lang='lat' dir='ltr'>positus</span> <span class='ocrx_word' id='word_1_208' title='bbox 1169 2024 1389 2072; x_wconf 82' lang='lat' dir='ltr'>acceperat</span> <span class='ocrx_word' id='word_1_209' title='bbox 1411 2029 1420 2055; x_wconf 72' lang='grc' dir='ltr'><strong>ε</strong></span> <span class='ocrx_word' id='word_1_210' title='bbox 1441 2015 1514 2055; x_wconf 84' lang='lat' dir='ltr'>sed</span> <span class='ocrx_word' id='word_1_211' title='bbox 1537 2013 1678 2055; x_wconf 87' lang='lat' dir='ltr'>divino</span> 
     </span>
     <span class='ocr_line' id='line_1_27' title="bbox 331 2083 1681 2142; baseline -0.002 -16"><span class='ocrx_word' id='word_1_212' title='bbox 331 2084 490 2141; x_wconf 85' lang='lat' dir='ltr'>judicio</span> <span class='ocrx_word' id='word_1_213' title='bbox 523 2100 598 2140; x_wconf 88' lang='lat' dir='ltr'>per</span> <span class='ocrx_word' id='word_1_214' title='bbox 620 2084 872 2140; x_wconf 72' lang='lat' dir='ltr'>prophetam</span> <span class='ocrx_word' id='word_1_215' title='bbox 906 2084 1078 2132; x_wconf 83' lang='lat' dir='ltr'>retexit,</span> <span class='ocrx_word' id='word_1_216' title='bbox 1103 2092 1144 2125; x_wconf 83' lang='lat' dir='ltr'>et</span> <span class='ocrx_word' id='word_1_217' title='bbox 1169 2084 1383 2142; x_wconf 82' lang='lat' dir='ltr'>redarguit</span> <span class='ocrx_word' id='word_1_218' title='bbox 1415 2083 1681 2140; x_wconf 86' lang='lat' dir='ltr'>omnipotens</span> 
     </span>
     <span class='ocr_line' id='line_1_28' title="bbox 331 2152 1683 2210; baseline -0.001 -16"><span class='ocrx_word' id='word_1_219' title='bbox 331 2157 468 2201; x_wconf 84' lang='lat' dir='ltr'>Deus;</span> <span class='ocrx_word' id='word_1_220' title='bbox 490 2155 532 2194; x_wconf 86' lang='lat' dir='ltr'>ut</span> <span class='ocrx_word' id='word_1_221' title='bbox 550 2154 728 2209; x_wconf 76' lang='lat' dir='ltr'>liqueret</span> <span class='ocrx_word' id='word_1_222' title='bbox 746 2155 942 2194; x_wconf 82' lang='lat' dir='ltr'>omnibus</span> <span class='ocrx_word' id='word_1_223' title='bbox 957 2170 1027 2195; x_wconf 87' lang='lat' dir='ltr'>eos</span> <span class='ocrx_word' id='word_1_224' title='bbox 1049 2156 1153 2195; x_wconf 89' lang='lat' dir='ltr'>velle</span> <span class='ocrx_word' id='word_1_225' title='bbox 1170 2155 1370 2195; x_wconf 83' lang='lat' dir='ltr'>invidiam</span> <span class='ocrx_word' id='word_1_226' title='bbox 1391 2152 1683 2210; x_wconf 85' lang='lat' dir='ltr'>praeseminare</span> 
     </span>
     <span class='ocr_line' id='line_1_29' title="bbox 334 2221 1684 2280; baseline -0.001 -15"><span class='ocrx_word' id='word_1_227' title='bbox 334 2224 555 2265; x_wconf 83' lang='lat' dir='ltr'>adversum</span> <span class='ocrx_word' id='word_1_228' title='bbox 578 2223 813 2264; x_wconf 89' lang='lat' dir='ltr'>innocentis</span> <span class='ocrx_word' id='word_1_229' title='bbox 836 2224 1069 2279; x_wconf 82' lang='lat' dir='ltr'>periculum</span> <span class='ocrx_word' id='word_1_230' title='bbox 1086 2256 1096 2273; x_wconf 87' lang='lat'><strong>‚</strong></span> <span class='ocrx_word' id='word_1_231' title='bbox 1114 2224 1184 2280; x_wconf 89' lang='lat' dir='ltr'>qui</span> <span class='ocrx_word' id='word_1_232' title='bbox 1211 2223 1441 2265; x_wconf 82' lang='lat' dir='ltr'>deficerent</span> <span class='ocrx_word' id='word_1_233' title='bbox 1458 2221 1684 2264; x_wconf 81' lang='lat' dir='ltr'>accusatio-</span> 
     </span>
     <span class='ocr_line' id='line_1_30' title="bbox 334 2291 1685 2351; baseline -0.002 -15"><span class='ocrx_word' id='word_1_234' title='bbox 334 2294 397 2337; x_wconf 87' lang='lat' dir='ltr'>nis</span> <span class='ocrx_word' id='word_1_235' title='bbox 427 2291 701 2349; x_wconf 80' lang='lat' dir='ltr'>argumento,</span> <span class='ocrx_word' id='word_1_236' title='bbox 731 2302 772 2335; x_wconf 92' lang='lat' dir='ltr'>et</span> <span class='ocrx_word' id='word_1_237' title='bbox 801 2293 1068 2335; x_wconf 80' lang='lat' dir='ltr'>firmamento</span> <span class='ocrx_word' id='word_1_238' title='bbox 1092 2293 1379 2351; x_wconf 88' lang='lat' dir='ltr'>probationis,</span> <span class='ocrx_word' id='word_1_239' title='bbox 1414 2292 1685 2349; x_wconf 84' lang='lat' dir='ltr'>conjicientes</span> 
     </span>
     <span class='ocr_line' id='line_1_31' title="bbox 335 2361 1689 2420; baseline -0.001 -17"><span class='ocrx_word' id='word_1_240' title='bbox 335 2363 528 2405; x_wconf 71' lang='lat' dir='ltr'>videlicet</span> <span class='ocrx_word' id='word_1_241' title='bbox 547 2364 659 2418; x_wconf 90' lang='lat' dir='ltr'>quod</span> <span class='ocrx_word' id='word_1_242' title='bbox 678 2363 710 2403; x_wconf 88' lang='lat' dir='ltr'>si</span> <span class='ocrx_word' id='word_1_243' title='bbox 737 2363 1169 2420; x_wconf 67' lang='lat' dir='ltr'>praeoccupatis&#39;vulgi</span> <span class='ocrx_word' id='word_1_244' title='bbox 1197 2362 1367 2403; x_wconf 84' lang='lat' dir='ltr'>auribus</span> <span class='ocrx_word' id='word_1_245' title='bbox 1391 2361 1546 2403; x_wconf 85' lang='lat' dir='ltr'>invidia</span> <span class='ocrx_word' id='word_1_246' title='bbox 1574 2375 1689 2402; x_wconf 87' lang='lat' dir='ltr'>men·</span> 
     </span>
     <span class='ocr_line' id='line_1_32' title="bbox 335 2430 1687 2489; baseline -0.003 -13"><span class='ocrx_word' id='word_1_247' title='bbox 335 2443 421 2476; x_wconf 86' lang='lat' dir='ltr'>tem</span> <span class='ocrx_word' id='word_1_248' title='bbox 447 2433 697 2480; x_wconf 83' lang='lat' dir='ltr'>incesseret,</span> <span class='ocrx_word' id='word_1_249' title='bbox 719 2432 1011 2489; x_wconf 83' lang='lat' dir='ltr'>praejudicium</span> <span class='ocrx_word' id='word_1_250' title='bbox 1035 2433 1322 2474; x_wconf 71' lang='lat' dir='ltr'>examinandae</span> <span class='ocrx_word' id='word_1_251' title='bbox 1356 2431 1539 2476; x_wconf 80' lang='lat' dir='ltr'>veritatis</span> <span class='ocrx_word' id='word_1_252' title='bbox 1564 2430 1687 2473; x_wconf 81' lang='lat' dir='ltr'>infer-</span> 
     </span>
     <span class='ocr_line' id='line_1_33' title="bbox 337 2502 1686 2561; baseline -0.003 -15"><span class='ocrx_word' id='word_1_253' title='bbox 337 2512 413 2546; x_wconf 88' lang='lat' dir='ltr'>ret.</span> <span class='ocrx_word' id='word_1_254' title='bbox 440 2503 604 2546; x_wconf 86' lang='lat' dir='ltr'>Etenim</span> <span class='ocrx_word' id='word_1_255' title='bbox 640 2518 737 2545; x_wconf 89' lang='lat' dir='ltr'>cum</span> <span class='ocrx_word' id='word_1_256' title='bbox 771 2503 909 2546; x_wconf 86' lang='lat' dir='ltr'>audita</span> <span class='ocrx_word' id='word_1_257' title='bbox 934 2503 1217 2561; x_wconf 62' lang='lat' dir='ltr'>praeveniunt,</span> <span class='ocrx_word' id='word_1_258' title='bbox 1259 2517 1402 2546; x_wconf 88' lang='lat' dir='ltr'>aurem</span> <span class='ocrx_word' id='word_1_259' title='bbox 1434 2502 1686 2550; x_wconf 82' lang='lat' dir='ltr'>obstruunt,</span> 
     </span>
    </p>
   </div>
   <div class='ocr_carea' id='block_1_3' title="bbox 386 2594 1213 2638">
    <p class='ocr_par' dir='ltr' id='par_1_5' title="bbox 386 2594 1213 2638">
     <span class='ocr_line' id='line_1_34' title="bbox 386 2594 1213 2638; baseline -0.001 -12"><span class='ocrx_word' id='word_1_260' title='bbox 386 2603 393 2618; x_wconf 90' lang='lat'>¹</span> <span class='ocrx_word' id='word_1_261' title='bbox 419 2594 533 2627; x_wconf 85' lang='lat' dir='ltr'>Matth.</span> <span class='ocrx_word' id='word_1_262' title='bbox 553 2605 649 2635; x_wconf 75' lang='lat' dir='ltr'>xviii,</span> <span class='ocrx_word' id='word_1_263' title='bbox 672 2595 767 2625; x_wconf 82' lang='lat'>16.-</span> <span class='ocrx_word' id='word_1_264' title='bbox 792 2604 803 2619; x_wconf 80' lang='lat'>¹</span> <span class='ocrx_word' id='word_1_265' title='bbox 825 2596 995 2632; x_wconf 49' lang='lat' dir='ltr'>Danaum,</span> <span class='ocrx_word' id='word_1_266' title='bbox 1011 2594 1111 2634; x_wconf 68' lang='lat' dir='ltr'>54,et</span> <span class='ocrx_word' id='word_1_267' title='bbox 1123 2606 1213 2638; x_wconf 83' lang='lat' dir='ltr'>seqq.</span> 
     </span>
    </p>
   </div>
  </div>
 </body>
</html>
