<?xml version="1.0" encoding="UTF-8"?>
<!DOCTYPE html PUBLIC "-//W3C//DTD XHTML 1.0 Transitional//EN"
    "http://www.w3.org/TR/xhtml1/DTD/xhtml1-transitional.dtd">
<html xmlns="http://www.w3.org/1999/xhtml" xml:lang="en" lang="en">
 <head>
  <title>
</title>
<meta http-equiv="Content-Type" content="text/html;charset=utf-8" />
  <meta name='ocr-system' content='tesseract 3.04.00' />
  <meta name='ocr-capabilities' content='ocr_page ocr_carea ocr_par ocr_line ocrx_word'/>
</head>
<body>
  <div class='ocr_page' id='page_1' title='image "./omniaequaeextant08ambruoft_0224.png"; bbox 0 0 1774 3158; ppageno 0'>
   <div class='ocr_carea' id='block_1_1' title="bbox 270 267 1080 318">
    <p class='ocr_par' dir='ltr' id='par_1_1' title="bbox 270 267 1080 318">
     <span class='ocr_line' id='line_1_1' title="bbox 270 267 1080 318; baseline -0.001 -8"><span class='ocrx_word' id='word_1_1' title='bbox 270 271 352 318; x_wconf 74' lang='lat'><strong>214</strong></span> <span class='ocrx_word' id='word_1_2' title='bbox 816 268 846 307; x_wconf 80' lang='lat' dir='ltr'><strong>s.</strong></span> <span class='ocrx_word' id='word_1_3' title='bbox 887 267 1080 309; x_wconf 69' lang='lat' dir='ltr'><strong>Amanosn</strong></span> 
     </span>
    </p>
   </div>
   <div class='ocr_carea' id='block_1_2' title="bbox 266 357 1658 2615">
    <p class='ocr_par' dir='ltr' id='par_1_2' title="bbox 266 357 1630 911">
     <span class='ocr_line' id='line_1_2' title="bbox 267 357 1615 417; baseline 0.002 -16"><span class='ocrx_word' id='word_1_4' title='bbox 267 358 447 416; x_wconf 84' lang='lat' dir='ltr'><strong>virgines</strong></span> <span class='ocrx_word' id='word_1_5' title='bbox 492 357 813 415; x_wconf 67' lang='lat' dir='ltr'><strong>quadringenta:</strong></span> <span class='ocrx_word' id='word_1_6' title='bbox 848 358 975 400; x_wconf 82' lang='lat' dir='ltr'><strong>exitio</strong></span> <span class='ocrx_word' id='word_1_7' title='bbox 1012 367 1262 401; x_wconf 82' lang='lat' dir='ltr'><strong>caeterorum</strong></span> <span class='ocrx_word' id='word_1_8' title='bbox 1301 359 1615 417; x_wconf 82' lang='lat' dir='ltr'><strong>superfuerunt.</strong></span> 
     </span>
     <span class='ocr_line' id='line_1_3' title="bbox 270 429 1622 487; baseline 0.002 -16"><span class='ocrx_word' id='word_1_9' title='bbox 270 431 385 482; x_wconf 90' lang='lat' dir='ltr'><strong>Quas</strong></span> <span class='ocrx_word' id='word_1_10' title='bbox 407 429 618 487; x_wconf 88' lang='lat' dir='ltr'><strong>accipiens</strong></span> <span class='ocrx_word' id='word_1_11' title='bbox 637 429 785 478; x_wconf 69' lang='lat' dir='ltr'><strong>Israel,</strong></span> <span class='ocrx_word' id='word_1_12' title='bbox 811 430 956 472; x_wconf 82' lang='lat' dir='ltr'>statuit</span> <span class='ocrx_word' id='word_1_13' title='bbox 978 430 1085 472; x_wconf 84' lang='lat' dir='ltr'><strong>viros</strong></span> <span class='ocrx_word' id='word_1_14' title='bbox 1099 430 1321 487; x_wconf 86' lang='lat' dir='ltr'><strong>Benjamin</strong></span> <span class='ocrx_word' id='word_1_15' title='bbox 1337 432 1438 473; x_wconf 86' lang='lat' dir='ltr'><strong>belli</strong></span> <span class='ocrx_word' id='word_1_16' title='bbox 1462 441 1622 474; x_wconf 85' lang='lat' dir='ltr'><strong>metum</strong></span> 
     </span>
     <span class='ocr_line' id='line_1_4' title="bbox 267 500 1625 559; baseline 0.002 -17"><span class='ocrx_word' id='word_1_17' title='bbox 267 501 504 558; x_wconf 84' lang='lat' dir='ltr'><strong>deponere,</strong></span> <span class='ocrx_word' id='word_1_18' title='bbox 529 509 572 542; x_wconf 87' lang='lat' dir='ltr'><strong>et</strong></span> <span class='ocrx_word' id='word_1_19' title='bbox 594 500 636 541; x_wconf 88' lang='lat' dir='ltr'><strong>in</strong></span> <span class='ocrx_word' id='word_1_20' title='bbox 659 500 906 558; x_wconf 80' lang='lat' dir='ltr'><strong>conjugium</strong></span> <span class='ocrx_word' id='word_1_21' title='bbox 929 501 1006 542; x_wconf 82' lang='lat' dir='ltr'><strong>sibi</strong></span> <span class='ocrx_word' id='word_1_22' title='bbox 1031 515 1198 542; x_wconf 88' lang='lat' dir='ltr'><strong>sumere</strong></span> <span class='ocrx_word' id='word_1_23' title='bbox 1220 502 1401 559; x_wconf 82' lang='lat' dir='ltr'><strong>integras</strong></span> <span class='ocrx_word' id='word_1_24' title='bbox 1419 502 1492 544; x_wconf 69' lang='lat' dir='ltr'><strong>aevi</strong></span> <span class='ocrx_word' id='word_1_25' title='bbox 1508 503 1625 559; x_wconf 82' lang='lat' dir='ltr'><strong>juxta</strong></span> 
     </span>
     <span class='ocr_line' id='line_1_5' title="bbox 269 570 1625 629; baseline 0.002 -16"><span class='ocrx_word' id='word_1_26' title='bbox 269 584 316 613; x_wconf 90' lang='lat' dir='ltr'><strong>ac</strong></span> <span class='ocrx_word' id='word_1_27' title='bbox 342 570 517 628; x_wconf 86' lang='lat' dir='ltr'><strong>pudoris</strong></span> <span class='ocrx_word' id='word_1_28' title='bbox 539 573 702 629; x_wconf 83' lang='lat' dir='ltr'><strong>puellas</strong></span> <span class='ocrx_word' id='word_1_29' title='bbox 728 586 736 612; x_wconf 75' lang='grc' dir='ltr'><em>τ</em></span> <span class='ocrx_word' id='word_1_30' title='bbox 765 571 918 628; x_wconf 84' lang='lat' dir='ltr'><strong>quibus</strong></span> <span class='ocrx_word' id='word_1_31' title='bbox 940 579 980 613; x_wconf 87' lang='lat' dir='ltr'><strong>et</strong></span> <span class='ocrx_word' id='word_1_32' title='bbox 1009 585 1131 613; x_wconf 85' lang='lat' dir='ltr'><strong>causa</strong></span> <span class='ocrx_word' id='word_1_33' title='bbox 1160 580 1268 613; x_wconf 89' lang='lat' dir='ltr'><strong>esset</strong></span> <span class='ocrx_word' id='word_1_34' title='bbox 1296 575 1406 629; x_wconf 83' lang='lat' dir='ltr'><strong>apud</strong></span> <span class='ocrx_word' id='word_1_35' title='bbox 1427 573 1537 615; x_wconf 76' lang='lat' dir='ltr'><strong>viros</strong></span> <span class='ocrx_word' id='word_1_36' title='bbox 1560 573 1625 616; x_wconf 90' lang='lat' dir='ltr'><strong>in-</strong></span> 
     </span>
     <span class='ocr_line' id='line_1_6' title="bbox 268 642 1629 701; baseline 0.002 -18"><span class='ocrx_word' id='word_1_37' title='bbox 268 649 406 699; x_wconf 85' lang='lat' dir='ltr'><strong>tegra,</strong></span> <span class='ocrx_word' id='word_1_38' title='bbox 427 642 541 698; x_wconf 91' lang='lat' dir='ltr'><strong>quod</strong></span> <span class='ocrx_word' id='word_1_39' title='bbox 563 656 688 684; x_wconf 88' lang='lat' dir='ltr'><strong>nemo</strong></span> <span class='ocrx_word' id='word_1_40' title='bbox 711 657 883 684; x_wconf 87' lang='lat' dir='ltr'><strong>suorum</strong></span> <span class='ocrx_word' id='word_1_41' title='bbox 909 644 1129 684; x_wconf 83' lang='lat' dir='ltr'><strong>adversum</strong></span> <span class='ocrx_word' id='word_1_42' title='bbox 1155 656 1225 684; x_wconf 84' lang='lat' dir='ltr'><strong>cos</strong></span> <span class='ocrx_word' id='word_1_43' title='bbox 1249 643 1406 684; x_wconf 85' lang='lat' dir='ltr'><strong>bellum</strong></span> <span class='ocrx_word' id='word_1_44' title='bbox 1436 658 1629 701; x_wconf 82' lang='lat' dir='ltr'><strong>suscepe-</strong></span> 
     </span>
     <span class='ocr_line' id='line_1_7' title="bbox 268 713 1630 773; baseline 0.002 -20"><span class='ocrx_word' id='word_1_45' title='bbox 268 721 364 755; x_wconf 87' lang='lat' dir='ltr'><strong>rat:</strong></span> <span class='ocrx_word' id='word_1_46' title='bbox 391 721 432 754; x_wconf 87' lang='lat' dir='ltr'><strong>et</strong></span> <span class='ocrx_word' id='word_1_47' title='bbox 455 713 671 755; x_wconf 82' lang='lat' dir='ltr'><strong>charitatis</strong></span> <span class='ocrx_word' id='word_1_48' title='bbox 697 713 827 770; x_wconf 80' lang='lat' dir='ltr'><strong>gratia</strong></span> <span class='ocrx_word' id='word_1_49' title='bbox 848 746 856 760; x_wconf 93' lang='lat'><em>‚</em></span> <span class='ocrx_word' id='word_1_50' title='bbox 884 713 978 770; x_wconf 88' lang='lat' dir='ltr'><strong>quia</strong></span> <span class='ocrx_word' id='word_1_51' title='bbox 1006 721 1178 771; x_wconf 80' lang='lat' dir='ltr'><strong>propter</strong></span> <span class='ocrx_word' id='word_1_52' title='bbox 1209 729 1278 755; x_wconf 88' lang='lat' dir='ltr'><strong>eos</strong></span> <span class='ocrx_word' id='word_1_53' title='bbox 1307 730 1504 772; x_wconf 86' lang='lat' dir='ltr'><strong>supremo</strong></span> <span class='ocrx_word' id='word_1_54' title='bbox 1529 730 1630 773; x_wconf 85' lang='lat' dir='ltr'><strong>snp-</strong></span> 
     </span>
     <span class='ocr_line' id='line_1_8' title="bbox 267 783 1629 844; baseline 0.002 -19"><span class='ocrx_word' id='word_1_55' title='bbox 267 783 395 840; x_wconf 91' lang='lat' dir='ltr'><strong>plicio</strong></span> <span class='ocrx_word' id='word_1_56' title='bbox 441 791 596 841; x_wconf 83' lang='lat' dir='ltr'><strong>ereptae</strong></span> <span class='ocrx_word' id='word_1_57' title='bbox 635 784 788 826; x_wconf 84' lang='lat' dir='ltr'><strong>forent.</strong></span> <span class='ocrx_word' id='word_1_58' title='bbox 840 783 929 826; x_wconf 83' lang='lat' dir='ltr'><strong>Hoc</strong></span> <span class='ocrx_word' id='word_1_59' title='bbox 972 784 1097 841; x_wconf 80' lang='lat' dir='ltr'><strong>igitur</strong></span> <span class='ocrx_word' id='word_1_60' title='bbox 1140 784 1267 827; x_wconf 83' lang='lat' dir='ltr'><strong>modo</strong></span> <span class='ocrx_word' id='word_1_61' title='bbox 1313 785 1629 844; x_wconf 77' lang='lat' dir='ltr'>quadringentis</span> 
     </span>
     <span class='ocr_line' id='line_1_9' title="bbox 266 852 1320 911; baseline 0.002 -17"><span class='ocrx_word' id='word_1_62' title='bbox 266 852 491 910; x_wconf 79' lang='lat' dir='ltr'><strong>juvenibus</strong></span> <span class='ocrx_word' id='word_1_63' title='bbox 511 854 683 910; x_wconf 84' lang='lat' dir='ltr'><strong>quaesita</strong></span> <span class='ocrx_word' id='word_1_64' title='bbox 703 855 951 911; x_wconf 83' lang='lat' dir='ltr'><strong>copularum</strong></span> <span class='ocrx_word' id='word_1_65' title='bbox 975 855 1184 896; x_wconf 82' lang='lat' dir='ltr'><strong>consortia</strong></span> <span class='ocrx_word' id='word_1_66' title='bbox 1211 863 1320 896; x_wconf 88' lang='lat' dir='ltr'><strong>sunt.</strong></span> 
     </span>
    </p>

    <p class='ocr_par' dir='ltr' id='par_1_3' title="bbox 269 919 1658 2615">
     <span class='ocr_line' id='line_1_10' title="bbox 326 919 1632 982; baseline 0.002 -17"><span class='ocrx_word' id='word_1_67' title='bbox 326 919 439 965; x_wconf 87' lang='lat' dir='ltr'>XVI.</span> <span class='ocrx_word' id='word_1_68' title='bbox 477 923 562 965; x_wconf 90' lang='lat' dir='ltr'><strong>Sed</strong></span> <span class='ocrx_word' id='word_1_69' title='bbox 603 925 700 981; x_wconf 81' lang='lat' dir='ltr'><strong>quia</strong></span> <span class='ocrx_word' id='word_1_70' title='bbox 743 925 917 967; x_wconf 88' lang='lat' dir='ltr'><strong>ducenti</strong></span> <span class='ocrx_word' id='word_1_71' title='bbox 953 940 1130 967; x_wconf 79' lang='lat' dir='ltr'><strong>numero</strong></span> <span class='ocrx_word' id='word_1_72' title='bbox 1163 925 1453 982; x_wconf 81' lang='lat' dir='ltr'><strong>supererant¹‚</strong></span> <span class='ocrx_word' id='word_1_73' title='bbox 1481 926 1632 982; x_wconf 90' lang='lat' dir='ltr'><strong>quibus</strong></span> 
     </span>
     <span class='ocr_line' id='line_1_11' title="bbox 269 994 1634 1052; baseline 0.002 -16"><span class='ocrx_word' id='word_1_74' title='bbox 269 994 429 1052; x_wconf 85' lang='lat' dir='ltr'><strong>jugales</strong></span> <span class='ocrx_word' id='word_1_75' title='bbox 460 996 661 1044; x_wconf 79' lang='lat' dir='ltr'><strong>deerant,</strong></span> <span class='ocrx_word' id='word_1_76' title='bbox 695 996 743 1037; x_wconf 86' lang='lat' dir='ltr'><strong>iis</strong></span> <span class='ocrx_word' id='word_1_77' title='bbox 776 1011 943 1052; x_wconf 88' lang='lat' dir='ltr'><strong>quoque</strong></span> <span class='ocrx_word' id='word_1_78' title='bbox 975 997 1063 1038; x_wconf 86' lang='lat' dir='ltr'><strong>sine</strong></span> <span class='ocrx_word' id='word_1_79' title='bbox 1096 997 1242 1038; x_wconf 85' lang='lat' dir='ltr'><strong>fraude</strong></span> <span class='ocrx_word' id='word_1_80' title='bbox 1270 1005 1634 1039; x_wconf 87' lang='lat' dir='ltr'><strong>sacramentorum</strong></span> 
     </span>
     <span class='ocr_line' id='line_1_12' title="bbox 272 1066 1637 1124; baseline 0.001 -17"><span class='ocrx_word' id='word_1_81' title='bbox 272 1067 514 1108; x_wconf 89' lang='lat' dir='ltr'><strong>consultum</strong></span> <span class='ocrx_word' id='word_1_82' title='bbox 543 1067 799 1123; x_wconf 87' lang='lat' dir='ltr'><strong>accepimus.</strong></span> <span class='ocrx_word' id='word_1_83' title='bbox 826 1066 923 1108; x_wconf 87' lang='lat' dir='ltr'><strong>Dies</strong></span> <span class='ocrx_word' id='word_1_84' title='bbox 947 1068 1075 1108; x_wconf 73' lang='lat' dir='ltr'><strong>festus</strong></span> <span class='ocrx_word' id='word_1_85' title='bbox 1102 1067 1143 1108; x_wconf 90' lang='lat' dir='ltr'><strong>in</strong></span> <span class='ocrx_word' id='word_1_86' title='bbox 1163 1067 1249 1109; x_wconf 86' lang='lat' dir='ltr'><strong>Silo</strong></span> <span class='ocrx_word' id='word_1_87' title='bbox 1279 1067 1501 1124; x_wconf 77' lang='lat' dir='ltr'>quotannis</span> <span class='ocrx_word' id='word_1_88' title='bbox 1524 1067 1637 1109; x_wconf 86' lang='lat' dir='ltr'><strong>cele-</strong></span> 
     </span>
     <span class='ocr_line' id='line_1_13' title="bbox 270 1135 1638 1193; baseline 0.003 -17"><span class='ocrx_word' id='word_1_89' title='bbox 270 1135 487 1177; x_wconf 82' lang='lat' dir='ltr'><strong>brabatur.</strong></span> <span class='ocrx_word' id='word_1_90' title='bbox 511 1135 574 1177; x_wconf 88' lang='lat' dir='ltr'><strong>lbi</strong></span> <span class='ocrx_word' id='word_1_91' title='bbox 605 1138 793 1178; x_wconf 87' lang='lat' dir='ltr'><strong>exultare</strong></span> <span class='ocrx_word' id='word_1_92' title='bbox 819 1136 949 1179; x_wconf 83' lang='lat' dir='ltr'><strong>solitae</strong></span> <span class='ocrx_word' id='word_1_93' title='bbox 972 1137 1178 1193; x_wconf 79' lang='lat' dir='ltr'><strong>virgines,</strong></span> <span class='ocrx_word' id='word_1_94' title='bbox 1209 1144 1250 1178; x_wconf 90' lang='lat' dir='ltr'><strong>et</strong></span> <span class='ocrx_word' id='word_1_95' title='bbox 1279 1137 1456 1179; x_wconf 83' lang='lat' dir='ltr'>choreas</span> <span class='ocrx_word' id='word_1_96' title='bbox 1481 1139 1638 1180; x_wconf 83' lang='lat' dir='ltr'><strong>ducere</strong></span> 
     </span>
     <span class='ocr_line' id='line_1_14' title="bbox 274 1206 1639 1265; baseline 0.001 -18"><span class='ocrx_word' id='word_1_97' title='bbox 274 1206 548 1248; x_wconf 87' lang='lat' dir='ltr'><strong>inhonorem</strong></span> <span class='ocrx_word' id='word_1_98' title='bbox 586 1206 800 1264; x_wconf 80' lang='lat' dir='ltr'><strong>religionis</strong></span> <span class='ocrx_word' id='word_1_99' title='bbox 827 1222 836 1249; x_wconf 71' lang='grc' dir='ltr'><strong><em>ε</em></strong></span> <span class='ocrx_word' id='word_1_100' title='bbox 866 1207 953 1250; x_wconf 79' lang='lat' dir='ltr'><strong>aliae</strong></span> <span class='ocrx_word' id='word_1_101' title='bbox 988 1207 1137 1265; x_wconf 74' lang='lat' dir='ltr'><strong>praeire</strong></span> <span class='ocrx_word' id='word_1_102' title='bbox 1172 1207 1399 1255; x_wconf 82' lang='lat' dir='ltr'><strong>matribus,</strong></span> <span class='ocrx_word' id='word_1_103' title='bbox 1430 1216 1471 1249; x_wconf 87' lang='lat' dir='ltr'><strong>et</strong></span> <span class='ocrx_word' id='word_1_104' title='bbox 1503 1215 1639 1249; x_wconf 86' lang='lat' dir='ltr'><strong>totum</strong></span> 
     </span>
     <span class='ocr_line' id='line_1_15' title="bbox 275 1277 1635 1336; baseline 0.001 -18"><span class='ocrx_word' id='word_1_105' title='bbox 275 1277 355 1319; x_wconf 83' lang='lat' dir='ltr'><strong>iter</strong></span> <span class='ocrx_word' id='word_1_106' title='bbox 390 1278 556 1335; x_wconf 81' lang='lat' dir='ltr'>agmine</span> <span class='ocrx_word' id='word_1_107' title='bbox 584 1278 773 1320; x_wconf 81' lang='lat' dir='ltr'>viantum</span> <span class='ocrx_word' id='word_1_108' title='bbox 799 1279 966 1336; x_wconf 88' lang='lat' dir='ltr'><strong>repleri.</strong></span> <span class='ocrx_word' id='word_1_109' title='bbox 1001 1279 1115 1321; x_wconf 82' lang='lat' dir='ltr'><strong>Dixit</strong></span> <span class='ocrx_word' id='word_1_110' title='bbox 1144 1294 1251 1321; x_wconf 83' lang='lat' dir='ltr'><strong>unus</strong></span> <span class='ocrx_word' id='word_1_111' title='bbox 1283 1294 1334 1321; x_wconf 89' lang='lat' dir='ltr'><strong>ex</strong></span> <span class='ocrx_word' id='word_1_112' title='bbox 1360 1278 1600 1321; x_wconf 86' lang='lat' dir='ltr'><strong>senioribus</strong></span> <span class='ocrx_word' id='word_1_113' title='bbox 1626 1293 1635 1319; x_wconf 92' lang='lat'>:</span> 
     </span>
     <span class='ocr_line' id='line_1_16' title="bbox 274 1349 1639 1407; baseline 0.002 -17"><span class='ocrx_word' id='word_1_114' title='bbox 274 1349 319 1391; x_wconf 89' lang='lat' dir='ltr'><strong>Si</strong></span> <span class='ocrx_word' id='word_1_115' title='bbox 342 1349 514 1391; x_wconf 86' lang='lat' dir='ltr'><strong>ducenti</strong></span> <span class='ocrx_word' id='word_1_116' title='bbox 533 1349 592 1391; x_wconf 90' lang='lat' dir='ltr'><strong>illi</strong></span> <span class='ocrx_word' id='word_1_117' title='bbox 612 1350 746 1392; x_wconf 83' lang='lat' dir='ltr'><strong>tribus</strong></span> <span class='ocrx_word' id='word_1_118' title='bbox 769 1350 992 1407; x_wconf 86' lang='lat' dir='ltr'><strong>Benjamin</strong></span> <span class='ocrx_word' id='word_1_119' title='bbox 1019 1350 1096 1392; x_wconf 72' lang='lat' dir='ltr'><strong>viri</strong></span> <span class='ocrx_word' id='word_1_120' title='bbox 1122 1350 1229 1392; x_wconf 85' lang='lat' dir='ltr'><strong>intra</strong></span> <span class='ocrx_word' id='word_1_121' title='bbox 1253 1350 1393 1393; x_wconf 85' lang='lat' dir='ltr'><strong>vineas</strong></span> <span class='ocrx_word' id='word_1_122' title='bbox 1420 1351 1486 1393; x_wconf 87' lang='lat' dir='ltr'><strong>siti</strong></span> <span class='ocrx_word' id='word_1_123' title='bbox 1509 1365 1639 1393; x_wconf 86' lang='lat' dir='ltr'><strong>excu-</strong></span> 
     </span>
     <span class='ocr_line' id='line_1_17' title="bbox 276 1416 1638 1470; baseline 0.002 -9"><span class='ocrx_word' id='word_1_124' title='bbox 276 1419 367 1462; x_wconf 83' lang='lat' dir='ltr'><strong>bias</strong></span> <span class='ocrx_word' id='word_1_125' title='bbox 387 1422 633 1469; x_wconf 82' lang='lat' dir='ltr'><strong>tenderent,</strong></span> <span class='ocrx_word' id='word_1_126' title='bbox 649 1423 785 1463; x_wconf 84' lang='lat' dir='ltr'><strong>donec</strong></span> <span class='ocrx_word' id='word_1_127' title='bbox 803 1437 845 1463; x_wconf 90' lang='lat' dir='ltr'><strong>se</strong></span> <span class='ocrx_word' id='word_1_128' title='bbox 861 1421 998 1463; x_wconf 85' lang='lat' dir='ltr'><strong>omnis</strong></span> <span class='ocrx_word' id='word_1_129' title='bbox 1020 1421 1217 1462; x_wconf 84' lang='lat' dir='ltr'><strong>foeminea</strong></span> <span class='ocrx_word' id='word_1_130' title='bbox 1237 1421 1359 1463; x_wconf 86' lang='lat' dir='ltr'><strong>turba</strong></span> <span class='ocrx_word' id='word_1_131' title='bbox 1378 1416 1638 1470; x_wconf 85' lang='lat' dir='ltr'><strong>effunderet,</strong></span> 
     </span>
     <span class='ocr_line' id='line_1_18' title="bbox 277 1492 1642 1550; baseline 0.002 -18"><span class='ocrx_word' id='word_1_132' title='bbox 277 1499 319 1533; x_wconf 86' lang='lat' dir='ltr'><strong>et</strong></span> <span class='ocrx_word' id='word_1_133' title='bbox 343 1500 560 1549; x_wconf 82' lang='lat' dir='ltr'><strong>surgentes</strong></span> <span class='ocrx_word' id='word_1_134' title='bbox 584 1507 634 1533; x_wconf 86' lang='lat' dir='ltr'><strong>ex</strong></span> <span class='ocrx_word' id='word_1_135' title='bbox 665 1492 796 1534; x_wconf 78' lang='lat' dir='ltr'><strong>vineis</strong></span> <span class='ocrx_word' id='word_1_136' title='bbox 818 1493 1111 1550; x_wconf 71' lang='lat' dir='ltr'><strong>unusquisque</strong></span> <span class='ocrx_word' id='word_1_137' title='bbox 1137 1507 1262 1549; x_wconf 84' lang='lat' dir='ltr'><strong>quam</strong></span> <span class='ocrx_word' id='word_1_138' title='bbox 1287 1507 1489 1535; x_wconf 83' lang='lat' dir='ltr'><strong>occursus</strong></span> <span class='ocrx_word' id='word_1_139' title='bbox 1513 1494 1642 1535; x_wconf 81' lang='lat' dir='ltr'><strong>dede-</strong></span> 
     </span>
     <span class='ocr_line' id='line_1_19' title="bbox 276 1562 1642 1620; baseline 0.001 -17"><span class='ocrx_word' id='word_1_140' title='bbox 276 1562 352 1610; x_wconf 89' lang='lat' dir='ltr'><strong>rit,</strong></span> <span class='ocrx_word' id='word_1_141' title='bbox 380 1577 555 1604; x_wconf 85' lang='lat' dir='ltr'><strong>uxorem</strong></span> <span class='ocrx_word' id='word_1_142' title='bbox 588 1562 666 1604; x_wconf 86' lang='lat' dir='ltr'><strong>sibi</strong></span> <span class='ocrx_word' id='word_1_143' title='bbox 694 1562 947 1612; x_wconf 82' lang='lat' dir='ltr'><strong>vindicaret,</strong></span> <span class='ocrx_word' id='word_1_144' title='bbox 980 1563 1117 1605; x_wconf 78' lang='lat' dir='ltr'><strong>fraudi</strong></span> <span class='ocrx_word' id='word_1_145' title='bbox 1151 1564 1193 1606; x_wconf 90' lang='lat' dir='ltr'><strong>id</strong></span> <span class='ocrx_word' id='word_1_146' title='bbox 1225 1579 1492 1620; x_wconf 82' lang='lat' dir='ltr'><strong>nequaquam</strong></span> <span class='ocrx_word' id='word_1_147' title='bbox 1525 1563 1642 1606; x_wconf 88' lang='lat' dir='ltr'><strong>futu-</strong></span> 
     </span>
     <span class='ocr_line' id='line_1_20' title="bbox 277 1633 1640 1692; baseline 0.003 -19"><span class='ocrx_word' id='word_1_148' title='bbox 277 1647 394 1681; x_wconf 78' lang='lat' dir='ltr'><strong>rum3</strong></span> <span class='ocrx_word' id='word_1_149' title='bbox 421 1633 625 1689; x_wconf 87' lang='lat' dir='ltr'><strong>populum</strong></span> <span class='ocrx_word' id='word_1_150' title='bbox 653 1633 808 1675; x_wconf 79' lang='lat' dir='ltr'><strong>etenim</strong></span> <span class='ocrx_word' id='word_1_151' title='bbox 838 1634 976 1676; x_wconf 84' lang='lat' dir='ltr'><strong>favere</strong></span> <span class='ocrx_word' id='word_1_152' title='bbox 1006 1636 1251 1692; x_wconf 63' lang='lat' dir='ltr'><strong>reparandae</strong></span> <span class='ocrx_word' id='word_1_153' title='bbox 1282 1635 1436 1678; x_wconf 84' lang='lat' dir='ltr'><strong>Tribus</strong></span> <span class='ocrx_word' id='word_1_154' title='bbox 1469 1649 1640 1677; x_wconf 86' lang='lat' dir='ltr'><strong>succes-</strong></span> 
     </span>
     <span class='ocr_line' id='line_1_21' title="bbox 282 1703 1644 1764; baseline 0.003 -19"><span class='ocrx_word' id='word_1_155' title='bbox 282 1703 413 1753; x_wconf 91' lang='lat' dir='ltr'><strong>sioni,</strong></span> <span class='ocrx_word' id='word_1_156' title='bbox 433 1713 607 1762; x_wconf 87' lang='lat' dir='ltr'><strong>propter</strong></span> <span class='ocrx_word' id='word_1_157' title='bbox 629 1714 945 1747; x_wconf 86' lang='lat' dir='ltr'><strong>sacramentum</strong></span> <span class='ocrx_word' id='word_1_158' title='bbox 964 1705 1182 1763; x_wconf 85' lang='lat' dir='ltr'><strong>impertire</strong></span> <span class='ocrx_word' id='word_1_159' title='bbox 1205 1721 1291 1749; x_wconf 89' lang='lat' dir='ltr'><strong>non</strong></span> <span class='ocrx_word' id='word_1_160' title='bbox 1315 1721 1436 1764; x_wconf 89' lang='lat' dir='ltr'><strong>posse</strong></span> <span class='ocrx_word' id='word_1_161' title='bbox 1462 1704 1644 1749; x_wconf 75' lang='lat' dir='ltr'><strong>filiarum</strong></span> 
     </span>
     <span class='ocr_line' id='line_1_22' title="bbox 281 1773 1645 1833; baseline 0.001 -16"><span class='ocrx_word' id='word_1_162' title='bbox 281 1789 452 1817; x_wconf 87' lang='lat' dir='ltr'><strong>suarum</strong></span> <span class='ocrx_word' id='word_1_163' title='bbox 491 1775 772 1817; x_wconf 87' lang='lat' dir='ltr'><strong>societatem:</strong></span> <span class='ocrx_word' id='word_1_164' title='bbox 800 1791 938 1833; x_wconf 87' lang='lat' dir='ltr'><strong>neque</strong></span> <span class='ocrx_word' id='word_1_165' title='bbox 975 1785 1114 1818; x_wconf 84' lang='lat' dir='ltr'><strong>tamen</strong></span> <span class='ocrx_word' id='word_1_166' title='bbox 1149 1773 1296 1819; x_wconf 74' lang='lat' dir='ltr'><strong>contr-a</strong></span> <span class='ocrx_word' id='word_1_167' title='bbox 1334 1786 1645 1819; x_wconf 88' lang='lat' dir='ltr'><strong>sacramentum</strong></span> 
     </span>
     <span class='ocr_line' id='line_1_23' title="bbox 284 1845 1637 1904; baseline 0.003 -18"><span class='ocrx_word' id='word_1_168' title='bbox 284 1845 439 1893; x_wconf 86' lang='lat' dir='ltr'><strong>videri,</strong></span> <span class='ocrx_word' id='word_1_169' title='bbox 475 1845 507 1887; x_wconf 89' lang='lat' dir='ltr'><strong>si</strong></span> <span class='ocrx_word' id='word_1_170' title='bbox 538 1845 853 1902; x_wconf 88' lang='lat' dir='ltr'><strong>prohibendum</strong></span> <span class='ocrx_word' id='word_1_171' title='bbox 896 1861 983 1888; x_wconf 90' lang='lat' dir='ltr'><strong>non</strong></span> <span class='ocrx_word' id='word_1_172' title='bbox 1024 1855 1217 1904; x_wconf 83' lang='lat' dir='ltr'><strong>putaret3</strong></span> <span class='ocrx_word' id='word_1_173' title='bbox 1244 1848 1350 1904; x_wconf 58' lang='lat' dir='ltr'><strong>quia⁴</strong></span> <span class='ocrx_word' id='word_1_174' title='bbox 1374 1856 1637 1890; x_wconf 84' lang='lat' dir='ltr'><strong>sacramento</strong></span> 
     </span>
     <span class='ocr_line' id='line_1_24' title="bbox 286 1916 1649 1977; baseline 0.003 -20"><span class='ocrx_word' id='word_1_175' title='bbox 286 1931 423 1973; x_wconf 89' lang='lat' dir='ltr'><strong>neque</strong></span> <span class='ocrx_word' id='word_1_176' title='bbox 450 1916 628 1974; x_wconf 84' lang='lat' dir='ltr'><strong>cogendi</strong></span> <span class='ocrx_word' id='word_1_177' title='bbox 648 1949 659 1965; x_wconf 94' lang='lat'>,</span> <span class='ocrx_word' id='word_1_178' title='bbox 685 1932 826 1974; x_wconf 87' lang='lat' dir='ltr'><strong>neque</strong></span> <span class='ocrx_word' id='word_1_179' title='bbox 843 1917 1097 1974; x_wconf 84' lang='lat' dir='ltr'><strong>prohibendi</strong></span> <span class='ocrx_word' id='word_1_180' title='bbox 1120 1918 1347 1961; x_wconf 86' lang='lat' dir='ltr'><strong>necessitas</strong></span> <span class='ocrx_word' id='word_1_181' title='bbox 1369 1918 1561 1977; x_wconf 86' lang='lat' dir='ltr'><strong>imposita</strong></span> <span class='ocrx_word' id='word_1_182' title='bbox 1587 1919 1649 1960; x_wconf 71' lang='lat' dir='ltr'><strong>vi-</strong></span> 
     </span>
     <span class='ocr_line' id='line_1_25' title="bbox 288 1987 1650 2048; baseline 0.002 -19"><span class='ocrx_word' id='word_1_183' title='bbox 288 1988 460 2029; x_wconf 87' lang='lat' dir='ltr'><strong>deretur</strong></span> <span class='ocrx_word' id='word_1_184' title='bbox 483 2003 491 2028; x_wconf 90' lang='lat'>:</span> <span class='ocrx_word' id='word_1_185' title='bbox 518 1987 609 2028; x_wconf 91' lang='lat' dir='ltr'><strong>illos</strong></span> <span class='ocrx_word' id='word_1_186' title='bbox 635 1987 713 2029; x_wconf 85' lang='lat' dir='ltr'><strong>sibi</strong></span> <span class='ocrx_word' id='word_1_187' title='bbox 742 1988 831 2030; x_wconf 86' lang='lat' dir='ltr'><strong>siue</strong></span> <span class='ocrx_word' id='word_1_188' title='bbox 856 1997 972 2031; x_wconf 87' lang='lat' dir='ltr'><strong>metu</strong></span> <span class='ocrx_word' id='word_1_189' title='bbox 1008 1991 1228 2032; x_wconf 87' lang='lat' dir='ltr'><strong>consulere</strong></span> <span class='ocrx_word' id='word_1_190' title='bbox 1251 1999 1461 2048; x_wconf 78' lang='lat' dir='ltr'><strong>oportere.</strong></span> <span class='ocrx_word' id='word_1_191' title='bbox 1485 1989 1594 2032; x_wconf 84' lang='lat' dir='ltr'><strong>Sane</strong></span> <span class='ocrx_word' id='word_1_192' title='bbox 1617 1990 1650 2032; x_wconf 87' lang='lat' dir='ltr'><strong>si</strong></span> 
     </span>
     <span class='ocr_line' id='line_1_26' title="bbox 288 2060 1649 2119; baseline 0.001 -18"><span class='ocrx_word' id='word_1_193' title='bbox 288 2060 524 2116; x_wconf 81' lang='lat' dir='ltr'><strong>puellarum</strong></span> <span class='ocrx_word' id='word_1_194' title='bbox 541 2068 736 2116; x_wconf 85' lang='lat' dir='ltr'><strong>parentes</strong></span> <span class='ocrx_word' id='word_1_195' title='bbox 755 2060 985 2102; x_wconf 78' lang='lat' dir='ltr'><strong>vindictam</strong></span> <span class='ocrx_word' id='word_1_196' title='bbox 1010 2060 1308 2118; x_wconf 82' lang='lat' dir='ltr'><strong>efflagitarent,</strong></span> <span class='ocrx_word' id='word_1_197' title='bbox 1325 2061 1476 2119; x_wconf 82' lang='lat' dir='ltr'><strong>partim</strong></span> <span class='ocrx_word' id='word_1_198' title='bbox 1498 2077 1624 2119; x_wconf 83' lang='lat' dir='ltr'><strong>prece</strong></span> <span class='ocrx_word' id='word_1_199' title='bbox 1638 2095 1649 2113; x_wconf 85' lang='lat'>‚</span> 
     </span>
     <span class='ocr_line' id='line_1_27' title="bbox 291 2129 1653 2188; baseline 0.003 -18"><span class='ocrx_word' id='word_1_200' title='bbox 291 2129 443 2186; x_wconf 82' lang='lat' dir='ltr'><strong>partim</strong></span> <span class='ocrx_word' id='word_1_201' title='bbox 472 2129 598 2171; x_wconf 83' lang='lat' dir='ltr'><strong>etiam</strong></span> <span class='ocrx_word' id='word_1_202' title='bbox 629 2131 916 2186; x_wconf 87' lang='lat' dir='ltr'><strong>retorquendo</strong></span> <span class='ocrx_word' id='word_1_203' title='bbox 949 2130 989 2172; x_wconf 88' lang='lat' dir='ltr'><strong>iu</strong></span> <span class='ocrx_word' id='word_1_204' title='bbox 1016 2131 1125 2188; x_wconf 75' lang='lat' dir='ltr'><strong>ipsos</strong></span> <span class='ocrx_word' id='word_1_205' title='bbox 1151 2131 1288 2172; x_wconf 80' lang='lat' dir='ltr'><strong>invitae</strong></span> <span class='ocrx_word' id='word_1_206' title='bbox 1313 2133 1479 2188; x_wconf 86' lang='lat' dir='ltr'><strong>culpam</strong></span> <span class='ocrx_word' id='word_1_207' title='bbox 1509 2140 1653 2174; x_wconf 88' lang='lat' dir='ltr'><strong>custo-</strong></span> 
     </span>
     <span class='ocr_line' id='line_1_28' title="bbox 291 2200 1653 2258; baseline 0.001 -16"><span class='ocrx_word' id='word_1_208' title='bbox 291 2200 391 2248; x_wconf 83' lang='lat' dir='ltr'><strong>diae,</strong></span> <span class='ocrx_word' id='word_1_209' title='bbox 418 2215 507 2241; x_wconf 88' lang='lat' dir='ltr'><strong>sese</strong></span> <span class='ocrx_word' id='word_1_210' title='bbox 538 2208 836 2249; x_wconf 76' lang='lat' dir='ltr'><strong>revocaturos3</strong></span> <span class='ocrx_word' id='word_1_211' title='bbox 864 2201 961 2258; x_wconf 86' lang='lat' dir='ltr'><strong>quia</strong></span> <span class='ocrx_word' id='word_1_212' title='bbox 985 2216 1083 2244; x_wconf 89' lang='lat' dir='ltr'><strong>cum</strong></span> <span class='ocrx_word' id='word_1_213' title='bbox 1116 2201 1274 2243; x_wconf 84' lang='lat' dir='ltr'><strong>scirent</strong></span> <span class='ocrx_word' id='word_1_214' title='bbox 1295 2201 1518 2258; x_wconf 88' lang='lat' dir='ltr'><strong>Benjamin</strong></span> <span class='ocrx_word' id='word_1_215' title='bbox 1543 2202 1653 2245; x_wconf 89' lang='lat' dir='ltr'><strong>viros</strong></span> 
     </span>
     <span class='ocr_line' id='line_1_29' title="bbox 293 2269 1654 2332; baseline 0.003 -20"><span class='ocrx_word' id='word_1_216' title='bbox 293 2278 458 2313; x_wconf 82' lang='lat' dir='ltr'><strong>exortes</strong></span> <span class='ocrx_word' id='word_1_217' title='bbox 480 2285 569 2313; x_wconf 87' lang='lat' dir='ltr'><strong>esse</strong></span> <span class='ocrx_word' id='word_1_218' title='bbox 593 2269 822 2329; x_wconf 81' lang='lat' dir='ltr'><strong>jugalium,</strong></span> <span class='ocrx_word' id='word_1_219' title='bbox 844 2287 942 2315; x_wconf 92' lang='lat' dir='ltr'><strong>cum</strong></span> <span class='ocrx_word' id='word_1_220' title='bbox 966 2271 1132 2315; x_wconf 86' lang='lat' dir='ltr'><strong>filiabus</strong></span> <span class='ocrx_word' id='word_1_221' title='bbox 1150 2274 1434 2330; x_wconf 84' lang='lat' dir='ltr'><strong>processerint</strong></span> <span class='ocrx_word' id='word_1_222' title='bbox 1453 2289 1462 2315; x_wconf 78' lang='lat' dir='ltr'><strong>t</strong></span> <span class='ocrx_word' id='word_1_223' title='bbox 1484 2274 1654 2332; x_wconf 84' lang='lat' dir='ltr'><strong>dignam</strong></span> 
     </span>
     <span class='ocr_line' id='line_1_30' title="bbox 295 2342 1654 2401; baseline 0 -16"><span class='ocrx_word' id='word_1_224' title='bbox 295 2356 395 2385; x_wconf 82' lang='lat' dir='ltr'><strong>sane</strong></span> <span class='ocrx_word' id='word_1_225' title='bbox 418 2342 576 2384; x_wconf 86' lang='lat' dir='ltr'><strong>tribum</strong></span> <span class='ocrx_word' id='word_1_226' title='bbox 600 2342 688 2399; x_wconf 90' lang='lat' dir='ltr'><strong>jam</strong></span> <span class='ocrx_word' id='word_1_227' title='bbox 706 2357 789 2385; x_wconf 90' lang='lat' dir='ltr'><strong>nou</strong></span> <span class='ocrx_word' id='word_1_228' title='bbox 812 2359 959 2401; x_wconf 90' lang='lat' dir='ltr'><strong>poena,</strong></span> <span class='ocrx_word' id='word_1_229' title='bbox 984 2344 1057 2386; x_wconf 90' lang='lat' dir='ltr'><strong>sed</strong></span> <span class='ocrx_word' id='word_1_230' title='bbox 1083 2344 1372 2387; x_wconf 81' lang='lat' dir='ltr'><strong>misericordia</strong></span> <span class='ocrx_word' id='word_1_231' title='bbox 1398 2359 1407 2386; x_wconf 74' lang='grc' dir='ltr'>ε</span> <span class='ocrx_word' id='word_1_232' title='bbox 1429 2344 1527 2387; x_wconf 88' lang='lat' dir='ltr'><strong>satis</strong></span> <span class='ocrx_word' id='word_1_233' title='bbox 1551 2345 1654 2386; x_wconf 89' lang='lat' dir='ltr'><strong>dure</strong></span> 
     </span>
     <span class='ocr_line' id='line_1_31' title="bbox 294 2412 1658 2474; baseline 0.002 -20"><span class='ocrx_word' id='word_1_234' title='bbox 294 2412 483 2455; x_wconf 62' lang='lat' dir='ltr'><strong>saevitum</strong></span> <span class='ocrx_word' id='word_1_235' title='bbox 506 2412 548 2454; x_wconf 90' lang='lat' dir='ltr'><strong>in</strong></span> <span class='ocrx_word' id='word_1_236' title='bbox 577 2428 674 2461; x_wconf 87' lang='lat' dir='ltr'><strong>eos,</strong></span> <span class='ocrx_word' id='word_1_237' title='bbox 705 2422 747 2456; x_wconf 90' lang='lat' dir='ltr'><strong>et</strong></span> <span class='ocrx_word' id='word_1_238' title='bbox 770 2414 1022 2457; x_wconf 82' lang='lat' dir='ltr'><strong>debellatam</strong></span> <span class='ocrx_word' id='word_1_239' title='bbox 1057 2415 1247 2473; x_wconf 88' lang='lat' dir='ltr'><strong>corporis</strong></span> <span class='ocrx_word' id='word_1_240' title='bbox 1269 2415 1332 2457; x_wconf 84' lang='lat' dir='ltr'><strong>sui</strong></span> <span class='ocrx_word' id='word_1_241' title='bbox 1355 2423 1518 2474; x_wconf 83' lang='lat' dir='ltr'><strong>partem</strong></span> <span class='ocrx_word' id='word_1_242' title='bbox 1547 2431 1555 2457; x_wconf 94' lang='lat'><strong>:</strong></span> <span class='ocrx_word' id='word_1_243' title='bbox 1581 2415 1658 2457; x_wconf 73' lang='lat' dir='ltr'><strong>im-</strong></span> 
     </span>
     <span class='ocr_line' id='line_1_32' title="bbox 296 2483 1655 2543; baseline 0.001 -16"><span class='ocrx_word' id='word_1_244' title='bbox 296 2483 554 2527; x_wconf 73' lang='lat' dir='ltr'><strong>moderatius</strong></span> <span class='ocrx_word' id='word_1_245' title='bbox 572 2483 772 2526; x_wconf 85' lang='lat' dir='ltr'><strong>exarsisse</strong></span> <span class='ocrx_word' id='word_1_246' title='bbox 792 2485 956 2543; x_wconf 89' lang='lat' dir='ltr'><strong>plebem</strong></span> <span class='ocrx_word' id='word_1_247' title='bbox 971 2518 982 2534; x_wconf 91' lang='lat'>,</span> <span class='ocrx_word' id='word_1_248' title='bbox 998 2494 1044 2528; x_wconf 89' lang='lat' dir='ltr'><strong>ut</strong></span> <span class='ocrx_word' id='word_1_249' title='bbox 1057 2486 1366 2528; x_wconf 84' lang='lat' dir='ltr'><strong>successionem</strong></span> <span class='ocrx_word' id='word_1_250' title='bbox 1380 2485 1655 2529; x_wconf 88' lang='lat' dir='ltr'><strong>domesticam</strong></span> 
     </span>
     <span class='ocr_line' id='line_1_33' title="bbox 295 2554 1656 2615; baseline 0.002 -18"><span class='ocrx_word' id='word_1_251' title='bbox 295 2554 580 2611; x_wconf 73' lang='lat' dir='ltr'><strong>extingueret,</strong></span> <span class='ocrx_word' id='word_1_252' title='bbox 607 2563 732 2611; x_wconf 87' lang='lat' dir='ltr'><strong>atque</strong></span> <span class='ocrx_word' id='word_1_253' title='bbox 755 2570 806 2598; x_wconf 86' lang='lat' dir='ltr'><strong>ex</strong></span> <span class='ocrx_word' id='word_1_254' title='bbox 827 2556 912 2600; x_wconf 89' lang='lat' dir='ltr'><strong>suis</strong></span> <span class='ocrx_word' id='word_1_255' title='bbox 936 2565 1109 2600; x_wconf 89' lang='lat' dir='ltr'><strong>necaret</strong></span> <span class='ocrx_word' id='word_1_256' title='bbox 1133 2572 1142 2599; x_wconf 90' lang='lat'>:</span> <span class='ocrx_word' id='word_1_257' title='bbox 1169 2558 1337 2615; x_wconf 85' lang='lat' dir='ltr'><strong>placere</strong></span> <span class='ocrx_word' id='word_1_258' title='bbox 1357 2557 1446 2600; x_wconf 86' lang='lat' dir='ltr'><strong>Deo</strong></span> <span class='ocrx_word' id='word_1_259' title='bbox 1469 2571 1554 2600; x_wconf 91' lang='lat' dir='ltr'><strong>non</strong></span> <span class='ocrx_word' id='word_1_260' title='bbox 1581 2572 1656 2615; x_wconf 88' lang='lat' dir='ltr'><strong>pe-</strong></span> 
     </span>
    </p>
   </div>
   <div class='ocr_carea' id='block_1_3' title="bbox 345 2644 789 2691">
    <p class='ocr_par' dir='ltr' id='par_1_4' title="bbox 345 2644 789 2691">
     <span class='ocr_line' id='line_1_34' title="bbox 345 2644 789 2691; baseline 0.002 -13"><span class='ocrx_word' id='word_1_261' title='bbox 345 2654 352 2668; x_wconf 82' lang='lat'><em>·</em></span> <span class='ocrx_word' id='word_1_262' title='bbox 373 2645 477 2678; x_wconf 86' lang='lat' dir='ltr'><strong>Judic.</strong></span> <span class='ocrx_word' id='word_1_263' title='bbox 499 2656 565 2682; x_wconf 79' lang='lat' dir='ltr'><strong>xxi,</strong></span> <span class='ocrx_word' id='word_1_264' title='bbox 586 2644 634 2683; x_wconf 73' lang='lat'><strong>16,</strong></span> <span class='ocrx_word' id='word_1_265' title='bbox 650 2651 683 2679; x_wconf 80' lang='lat' dir='ltr'><strong>et</strong></span> <span class='ocrx_word' id='word_1_266' title='bbox 698 2655 789 2691; x_wconf 88' lang='lat' dir='ltr'><strong>seqq.</strong></span> 
     </span>
    </p>
   </div>
  </div>
 </body>
</html>
