1774 3158
299 242 351 284 26
839 257 869 284 s.
910 256 1101 286 Ammosn

303 336 499 377 »locutus
536 343 598 376 est
630 333 871 386 veritatem,
907 352 991 378 non
1034 337 1197 394 decepit
1229 336 1546 394 proxin1um¹:»
1569 349 1646 378 nec

299 404 521 461 pecuniam
553 404 778 446 soeneratus
803 414 864 447 cst
891 422 1007 448 suam
1026 439 1036 455 ,
1075 408 1148 463 qui
1176 422 1343 464 semper
1370 405 1501 448 voluit
1528 420 1643 447 recu-

300 489 448 531 perare
481 474 800 517 haereditariam.
846 477 1040 534 Agnosco
1086 478 1303 519 oraculum
1331 493 1341 524 ;
1383 477 1496 533 quod
1535 476 1646 517 enim

300 545 412 586 null'a
436 544 645 587 ordinavit
669 545 905 602 dispositio,
933 546 1112 603 Spiritus
1139 547 1348 588 revelavit.

356 613 484 656 LXII.
526 613 640 665 Quid
672 629 770 656 vcro
794 614 897 657 illud
921 629 1186 665 recenseam,
1224 610 1337 672 quod
1368 631 1491 673 supra
1517 615 1649 673 ipsam

301 683 502 737 justitiam
522 683 675 738 pietate
691 698 958 740 progressus3
980 699 1075 726 cum
1093 687 1283 741 quaedam
1309 685 1642 739 incubatori(1o)

295 753 587 795 communium
616 753 832 795 fructuum
865 754 947 795 mei
974 756 1328 812 contomplatione
1357 755 1543 797 muneris
1573 771 1647 812 pu·

293 831 420 865 tasset
447 838 537 864 esse
561 823 810 874 tribuenda,
843 825 1047 880 {argitatis
1080 840 1147 866 mc
1178 825 1363 882 jactabat
1398 834 1612 867 auctorem
1633 858 1644 875 ‚

297 892 500 948 portionis
534 907 618 934 suae
654 893 820 934 lucrum
861 895 912 935 ad
953 906 1177 936 commune
1211 895 1473 936 consortium
1508 893 1652 935 confo-

298 962 432 1003 rebat.

353 1032 506 1074 LXIII.
545 1033 641 1074 Haec
669 1041 710 1074 et
742 1034 845 1082 alia,
883 1050 974 1090 quae
1010 1035 1109 1076 mihi
1139 1045 1238 1077 tunc
1268 1044 1386 1077 erant
1416 1034 1643 1092 voluptati,

297 1104 477 1144 maxime
499 1119 611 1145 nuuc
639 1107 975 1147 recordationem
1004 1107 1156 1148 doloris
1186 1115 1444 1164 exasperant.
1477 1107 1644 1148 Manent

299 1182 437 1215 tamen
453 1207 462 1221 ,
495 1183 702 1230 eruntque
721 1190 886 1233 semper
902 1209 911 1224 ‚
935 1168 1012 1218 nec
1036 1192 1220 1233 unquam
1243 1178 1355 1219 velut
1371 1178 1519 1218 umbra
1548 1192 1649 1233 prze-

302 1252 468 1284 tereunt
485 1276 494 1291 ,
522 1259 657 1300 neque
680 1245 791 1286 onim
809 1246 972 1287 virtutis
996 1247 1126 1303 gratia
1150 1262 1245 1288 cum
1266 1261 1441 1302 corpore
1463 1245 1635 1298 occidit,

320 1313 512 1355 necidem
535 1322 694 1355 naturae
717 1315 1051 1371 meritorumque
1081 1315 1199 1363 finis:
1220 1316 1318 1357 licet
1341 1315 1467 1372 ipsius
1490 1324 1650 1356 naturae

302 1398 398 1424 usus
422 1398 505 1424 non
525 1383 564 1424 in
578 1392 780 1426 aeternum
799 1386 979 1435 occidat,
998 1388 1068 1427 sed
1089 1386 1308 1443 temporali
1327 1386 1505 1442 quadam
1526 1399 1647 1427 vaca-

301 1454 415 1495 tione
433 1454 683 1509 requiescat.

361 1522 506 1565 LXIV.
546 1523 716 1566 Talibus
737 1524 864 1581 igitur
889 1527 1164 1584 perfunctum
1192 1526 1420 1568 virtutibus
1437 1559 1447 1574 ,
1469 1533 1659 1583 ereptum

299 1591 497 1649 periculis
531 1593 738 1635 desiderio
773 1595 907 1652 magis
939 1611 1064 1652 quam
1101 1595 1321 1638 amissione
1348 1595 1472 1637 flebo.
1505 1594 1662 1637 Suadet

302 1661 414 1703 euim
437 1661 522 1719 ipsa
559 1665 856 1720 opportunitas
882 1665 1053 1714 mortis,
1090 1674 1135 1707 ut
1166 1666 1508 1722 prosequendum
1531 1665 1661 1722 magis

303 1731 460 1786 gratia,
485 1747 611 1787 quam
647 1735 875 1775 dolendum
904 1744 1126 1791 putemus;
1158 1736 1361 1792 script-um
1391 1743 1454 1776 est
1487 1734 1662 1776 enimin

304 1801 518 1843 communi
560 1803 704 1843 dolore
735 1804 957 1860 proprium
987 1820 1135 1846 vacare
1174 1806 1342 1846 debere.
1381 1804 1524 1860 Neque
1550 1803 1662 1844 enim

305 1871 554 1927 prophetico
586 1888 778 1915 sermone
814 1875 885 1915 uni
911 1875 968 1916 illi
994 1875 1187 1921 mulieri,
1213 1890 1304 1931 quae
1334 1873 1564 1930 figuratur,
1591 1875 1664 1915 scd

307 1940 480 1996 siugulis
507 1941 688 1990 dicitur,
711 1958 806 1984 cum
832 1944 1031 1986 Ecclesiae
1054 1945 1214 1987 dictum
1245 1944 1423 1986 videtur.

366 2009 492 2052 LXV.
522 2011 689 2053 Dicitur
727 2028 825 2069 ergo
844 2022 887 2055 et
912 2015 965 2055 ad
993 2030 1085 2062 me,
1110 2022 1150 2055 et
1169 2014 1270 2055 dicit
1287 2013 1503 2070 Scriptura
1522 2012 1668 2054 coeles-

311 2079 362 2120 tis
397 2095 406 2121 :
438 2081 625 2123 Hoccine
649 2083 776 2123 doces
794 2116 804 2132 ,
831 2084 889 2125 sic
912 2084 1091 2126 instituis
1114 2084 1192 2125 Dei
1211 2082 1413 2141 plebem?
1440 2082 1503 2124 An
1531 2081 1664 2123 nescis

311 2150 407 2206 quia
431 2153 671 2209 exemplum
687 2162 807 2195 tuum
826 2155 1059 2212 periculum
1082 2163 1330 2197 caeterorum
1348 2152 1438 2195 est?
1459 2152 1544 2195 Nisi
1561 2153 1665 2194 forte

311 2222 556 2263 exauditum
582 2238 667 2265 non
691 2240 782 2266 esse
808 2234 846 2267 to
867 2226 1069 2282 quereris.
1091 2224 1278 2267 Primum
1301 2224 1411 2265 istud
1436 2223 1665 2281 arrogantis

311 2297 374 2330 est
405 2289 703 2347 impudentiae,
738 2295 890 2336 mereri
915 2297 1051 2337 solum
1082 2296 1209 2343 velle,
1235 2295 1351 2350 quod
1374 2293 1517 2335 multis
1541 2293 1665 2335 etiam

311 2361 464 2402 sanctis
487 2372 685 2418 negatum
708 2366 871 2407 noveris
891 2383 902 2414 3
930 2382 1026 2407 cum
1044 2366 1148 2407 scias
1168 2399 1176 2413 ,
1204 2383 1216 2403 ιι
1239 2366 1345 2416 Quia
1371 2380 1455 2406 non
1481 2373 1545 2406 est
1570 2379 1666 2421 pcr-

309 2444 537 2471 »sonarum
577 2443 773 2490 acceptor
804 2435 992 2478 Deus2.»
1022 2436 1125 2478 Nam
1151 2436 1227 2477 etsi
1257 2435 1496 2476 misericors
1525 2434 1663 2481 Deus,

315 2507 454 2541 tamen
483 2500 516 2541 si
543 2516 709 2559 semper
729 2505 946 2546 exaudiret
967 2520 1111 2547 omues
1129 2537 1139 2554 ,
1159 2521 1242 2548 non
1265 2505 1350 2562 jam
1372 2520 1422 2547 ex
1455 2505 1667 2546 voluntate

361 2598 369 2612 ¹
392 2589 556 2627 P>a1.11v,
571 2602 586 2621 2
605 2598 636 2625 et
650 2593 682 2625 5.
702 2612 742 2617 -
760 2602 771 2616 ⁸
791 2595 860 2627 Act.
878 2607 909 2634 x,
928 2596 981 2633 54.
