1774 3158
78 418 93 446 ⁵¹
102 415 127 435 e.
137 409 196 437 ‘'nr'-
207 414 219 425 Ἰ

138 2426 217 2471 ιιΛμὝ

309 278 388 320 186
852 290 883 317 s.
925 290 1114 318 AMBRosn

304 369 399 410 dola
421 365 641 424 iniquitate
669 365 974 427 defjpfflneratum
992 366 1227 423 opprimat,
1248 366 1351 408 nihil
1369 366 1445 409 sibi
1469 368 1654 425 profutu-

301 453 372 480 rus
411 437 571 479 astutiae
608 452 692 479 suae
731 438 902 480 artibus.
938 438 1049 489 Quid
1073 437 1184 478 enirn
1206 438 1376 494 prodest
1396 437 1556 480 homini
1571 472 1581 488 ,
1620 439 1652 480 si

301 509 429 550 totius
453 508 601 550 mundi
614 508 751 564 capiat
764 523 880 564 opes,
903 509 1083 549 animam
1100 515 1238 548 autem
1253 522 1369 549 suam
1385 508 1475 549 vitae
1488 517 1652 550 aetcrnae

303 578 521 620 defraudet
545 577 773 634 stipendio¹
795 577 812 618 P

343 648 472 691 XIV.
499 648 588 690 Alia
611 648 688 704 piis
712 647 924 689 mentibus
950 646 1255 688 consideranda
1280 655 1431 689 statera
1448 681 1459 696 ‚
1479 663 1558 704 qua
1576 649 1654 689 sin-

302 721 496 776 gulorum
514 718 621 760 sacta
647 718 927 766 trutinantur,
948 718 986 758 in
1012 732 1091 773 qua
1111 718 1358 773 plerumque
1381 719 1428 758 ad
1446 717 1653 774 judicium

300 797 476 846 peccata
503 789 798 845 propendunt,
825 797 895 828 aut
920 788 1026 828 bene
1050 795 1163 843 gesta
1198 787 1380 843 peccatis
1405 789 1653 845 praeponde—

301 869 407 901 rant.
434 859 504 902 Vae
522 859 653 906 mihi,
683 858 715 899 si
744 858 985 921 μείω-Ἦ
1007 858 1178 914 flagitia,
1204 858 1312 898 etad
1336 859 1480 899 mortis
1500 858 1653 915 praeju-

300 929 458 972 dicium
479 928 622 970 lethali
657 938 829 984 vergant
863 929 1074 984 pondere!
1113 928 1391 969 Tolerabilius
1428 929 1461 970 si
1502 930 1650 986 subse-

301 1007 484 1055 qua-ntur
505 998 644 1039 omnia
675 1007 814 1039 tamen
843 997 1060 1038 manifesta
1096 997 1277 1038 Domino
1304 1013 1312 1038 :
1339 1006 1380 1039 et
1408 1006 1502 1039 ante
1540 997 1654 1054 judi-

301 1067 441 1109 cium²
466 1083 474 1109 :
498 1082 575 1108 nec
590 1068 891 1124 bonapossunt
913 1069 1066 1114 latere,
1094 1082 1169 1108 uec
1198 1083 1244 1108 ea
1273 1083 1363 1123 quze
1401 1068 1521 1124 plena
1557 1078 1654 1110 sunt

301 1137 565 1186 offensionis,
591 1136 806 1179 abscondi.

357 1207 448 1251 XV.
489 1208 627 1259 Quam
649 1207 796 1248 beatus
819 1205 888 1263 qui
914 1205 1100 1247 radicem
1125 1205 1320 1247 vitiorum
1356 1220 1547 1248 resecare
1578 1221 1654 1263 po-

300 1279 427 1321 tuerit
448 1278 662 1320 avaritiam
685 1278 693 1318 l
724 1278 761 1319 Is
785 1276 975 1334 profecto
999 1286 1196 1319 stateram
1223 1277 1332 1318 hanc
1355 1292 1441 1318 non
1468 1276 1655 1318 reformi-

299 1350 427 1392 dabit.
449 1349 631 1392 Avaritia
656 1348 768 1390 enim
783 1350 1030 1405 plerumque
1049 1364 1195 1389 sensus
1216 1348 1389 1390 hebetat
1408 1347 1652 1396 huma110s³‚

304 1429 345 1462 et
369 1419 569 1477 pervertit
587 1418 832 1476 opiniones;
864 1427 909 1460 ut
936 1427 1140 1475 quaestum
1164 1419 1362 1475 pictatem
1393 1426 1542 1474 putent
1567 1450 1577 1467 ,
1614 1426 1655 1459 et

297 1490 520 1548 pecuniam
532 1489 649 1545 quasi
662 1489 902 1530 mercedem
917 1488 1164 1546 prudentiae.
1181 1489 1339 1530 Merces
1354 1496 1490 1529 autom
1506 1502 1654 1544 magna

297 1560 461 1618 pietatis
482 1569 569 1608 est,
591 1568 633 1601 et
654 1568 835 1615 quaestus
853 1559 1112 1607 sobrietatis,
1148 1558 1305 1600 habere
1331 1559 1444 1614 quod
1469 1558 1559 1598 usui
1593 1564 1655 1599 est

298 1631 409 1672 satis.
437 1629 550 1682 Quid
567 1629 681 1670 enim
703 1629 745 1670 in
762 1630 845 1671 hoc
864 1630 1023 1670 mundo
1045 1638 1222 1686 prosunt
1244 1628 1484 1674 divitiarum
1508 1643 1654 1685 super-

294 1701 378 1743 ssua
399 1733 409 1750 ,
432 1715 529 1742 cum
562 1700 602 1741 in
628 1700 675 1742 iis
698 1709 740 1742 et
774 1701 886 1741 nulla
912 1700 1157 1756 adjumenta
1203 1699 1402 1740 nascendi
1435 1699 1546 1745 sint,
1578 1713 1654 1740 nec

299 1771 601 1829 impedimenta
623 1769 859 1811 moriendi?
882 1769 985 1812 Nam
1009 1778 1050 1811 et
1078 1770 1166 1810 sine
1191 1769 1480 1826 integumento
1510 1769 1548 1810 in
1573 1769 1655 1810 hoc

296 1842 456 1883 mundo
480 1840 710 1890 nascimur,
740 1849 782 1881 et
805 1839 893 1881 sine
916 1839 1068 1881 viatico
1090 1840 1344 1881 discedimus
1363 1873 1372 1888 ‚
1403 1840 1493 1881 sine
1518 1839 1652 1881 haere-

298 1911 425 1954 ditate
441 1911 685 1968 sepelimur.

356 1981 470 2024 XVI.
489 1980 650 2023 Pendet
669 1979 840 2037 siugulis
859 1989 1097 2021 nostrorum
1120 1988 1271 2021 statera
1300 1980 1563 2028 meritorum,
1593 1988 1654 2020 at-

299 2069 380 2110 que
401 2052 558 2108 exiguis
583 2052 647 2093 vel
662 2051 762 2093 boni
786 2051 938 2107 operis,
952 2052 1016 2092 vel
1035 2051 1250 2106 degeneris
1263 2050 1407 2107 flagitii
1426 2050 1649 2091 momentis

297 2123 381 2164 huc
393 2131 515 2178 atque
528 2122 625 2163 illuc
644 2136 751 2177 ,επ-ρο
770 2121 1016 2162 inclinatur:
1036 2121 1067 2161 si
1085 2122 1189 2161 mala
1205 2128 1391 2177 vergant,
1410 2120 1492 2161 heu
1513 2119 1604 2160 me!
1621 2118 1654 2160 si

298 2195 423 2242 hona,
443 2202 591 2250 praesto
612 2201 674 2234 est
694 2192 826 2233 venia.
846 2192 979 2234 Nemo
1003 2191 1113 2232 enim
1129 2207 1148 2232 a
1162 2200 1335 2248 peccato
1349 2190 1566 2232 immunis:
1583 2190 1655 2231 sed

299 2265 370 2306 ubi
394 2264 663 2321 propendunt
684 2264 793 2304 bona
810 2294 820 2310 ‚
853 2263 1070 2306 elerautur
1090 2269 1261 2318 peccata
1282 2293 1292 2308 ‚
1323 2260 1650 2307 obumbrantur,

298 2343 513 2392 teguntur.
534 2334 643 2391 Ergo
668 2333 710 2375 in
734 2333 798 2375 dic
816 2332 961 2389 judicii
988 2341 1057 2373 aut
1078 2339 1220 2373 nostra
1243 2330 1566 2388 opitu-lalfflitur
1585 2343 1655 2370 no-

279 2406 358 2447 bis
385 2419 536 2462 opera,
566 2413 638 2445 aut
675 2404 760 2461 ipsa
787 2418 861 2444 nos
886 2403 926 2444 in
957 2402 1240 2459 profundum,
1279 2410 1476 2458 tanquam
1500 2398 1652 2440 molari

294 2475 510 2531 depressos
532 2473 671 2531 lapide
691 2505 701 2521 ,
728 2482 931 2530 mergent.
955 2472 1099 2514 Gravis
1125 2481 1189 2514 est
1206 2472 1317 2513 enim
1334 2504 1344 2520 ‚
1373 2479 1419 2512 ut
1454 2477 1554 2527 pote
1595 2476 1654 2510 ta-

290 2546 404 2588 lento
425 2544 625 2602 plumbeo
648 2542 816 2586 suffulta
836 2576 846 2592 ‚
872 2542 1114 2599 iniquitas&
1142 2541 1417 2584 intolerabilis
1446 2539 1618 2582 avaritia
1634 2569 1647 2588 ,

338 2645 350 2661 ⁸
367 2636 486 2670 Matth.
500 2647 566 2679 xvx,
584 2636 688 2670 26.-
704 2646 716 2660 ²
741 2645 752 2666 1
768 2634 856 2670 Tim.
872 2645 904 2676 v,
920 2635 973 2674 24·
991 2654 1029 2661 -
1043 2637 1058 2660 ³
1077 2635 1129 2668 ld.
1148 2646 1191 2673 vi,
1212 2646 1260 2669 ιο.
1282 2653 1319 2660 -
1340 2636 1352 2663 4
1370 2633 1470 2667 Zach.
1487 2643 1519 2671 v,
1537 2643 1569 2675 7.
