1774 3158
521 270 801 301 ErisTomnuu
832 270 991 298 CLASfflS
1025 270 1050 297 1.
1387 255 1470 310 249

190 352 348 395 Attalus
384 350 484 393 dixit
512 365 520 391 :
549 350 639 391 Jam
670 347 806 391 dixisti
834 362 902 389 me
933 347 1150 403 aliquoties
1187 348 1429 390 damnatum
1456 360 1465 387 ε

127 438 211 464 non
236 421 308 463 tibi
337 421 583 478 respondeo·

185 491 429 534 Ambrosius
459 491 680 547 episcopus
712 487 814 530 dixit
850 502 859 528 τ
895 487 1185 544 Subscripsisti
1218 486 1258 529 iu
1290 495 1469 529 tractatu

128 561 305 603 Concilii
327 561 511 608 Nicaeni,'
533 575 583 602 an
615 558 727 600 non?

182 631 345 672 Attalus
367 629 467 672 dixit
495 645 503 670 :
529 629 620 671 Non
643 628 716 669 tibi
742 628 990 683 respondeo.

183 700 311 743 XLV.
348 700 555 742 Palladius
588 698 690 740 dixit
715 712 724 738 ε
749 697 872 739 Modo
903 696 1026 738 vultis
1051 704 1272 738 tractatum
1296 697 1469 754 plenum

125 770 268 811 haberi
290 803 299 817 ,
326 784 375 810 an
396 768 516 811 non?

184 839 451 882 Chromatius
484 838 703 895 presbyter
738 836 861 879 dixit:
890 836 1134 877 Creaturam
1174 850 1258 877 non
1289 836 1471 893 negasti,

122 916 336 964 potentem
378 908 547 965 negasti.
593 906 745 949 Omnia
783 905 964 962 negasti,
1006 920 1097 961 quae
1128 904 1231 947 fides
1265 905 1471 947 catholica

124 978 357 1036 profitetur.

182 1050 360 1092 Sabinus
394 1050 617 1107 episcopus
652 1050 753 1093 dixit
784 1066 792 1093 :
827 1054 971 1095 Testes
1002 1065 1146 1093 sumus
1184 1064 1259 1091 nos
1285 1048 1471 1090 Attalum

123 1120 415 1177 subscripsisse
449 1120 488 1162 in
516 1120 705 1163 Concilio
729 1122 898 1165 Nicaeno
916 1155 926 1171 ,
949 1131 990 1164 et
1019 1136 1130 1164 nunc
1160 1119 1271 1162 nolle
1295 1134 1470 1176 respon-

123 1193 234 1234 dere.
264 1191 377 1243 Quid
399 1191 562 1233 cunctis
584 1192 778 1234 videtur?

183 1262 374 1319 Cumque
391 1263 553 1305 Attalus
576 1264 793 1313 reticeret,
819 1264 1066 1315 Ambrosius
1090 1263 1311 1320 episcopus
1335 1261 1437 1303 dixit
1459 1278 1468 1301 ε

121 1334 243 1376 Dicat
275 1342 417 1375 utrum
449 1335 745 1392 subscripserit
777 1335 817 1376 in
851 1344 1031 1377 tractatu
1075 1333 1252 1375 Concilii
1286 1333 1468 1382 Nicaeni‚

121 1420 171 1446 an
196 1404 309 1447 non?

180 1474 328 1517 XLVI.
366 1475 572 1517 Palladius
595 1475 719 1517 dixit:
740 1476 948 1533 Exceptor
970 1484 1105 1517 vester
1124 1483 1165 1516 et
1186 1482 1327 1516 noster
1341 1482 1466 1521 stent,

120 1554 161 1587 et
184 1546 322 1586 omnia
341 1546 540 1588 scribant.

180 1615 423 1656 Valerianus
459 1617 679 1673 episcopus
704 1616 806 1659 dixit
831 1632 839 1658 τ
864 1617 959 1659 Jau]
994 1632 1086 1674 qnae
1117 1616 1276 1664 dixisti,
1313 1625 1353 1658 et
1379 1631 1470 1673 quce

120 1687 303 1743 negasti,
328 1687 481 1744 scripta
504 1696 601 1729 sunt
625 1689 778 1729 omnia.

176 1757 383 1798 Palladius
411 1757 513 1799 dixit
536 1773 544 1798 :
568 1758 704 1799 Dicite
727 1760 841 1815 quod
863 1759 1001 1801 vultis.

177 1826 422 1869 Ambrosius
445 1828 666 1884 episcopus
695 1829 797 1870 dixit
822 1844 830 1870 t
859 1829 966 1881 Quia
990 1830 1140 1886 soepius
1166 1831 1253 1872 vult
1280 1828 1469 1871 damnari

118 1897 350 1946 Palladius,
379 1901 448 1954 qui
469 1897 553 1953 jam
577 1898 817 1954 frequenter
840 1900 1062 1940 damnatus
1086 1908 1170 1947 est,
1196 1900 1287 1956 lego
1311 1899 1467 1955 episto-

118 1968 199 2007 lam
217 1967 347 2014 Arrii,
365 1982 487 2023 quam
507 1967 575 2009 ille
594 1968 727 2010 noluit
745 1969 1028 2011 condemnare
1051 1984 1059 2010 ε
1082 1968 1339 2026 profitemini
1361 1968 1463 2025 quid

118 2037 234 2078 vobis
253 2037 448 2079 videtur?

177 2108 333 2150 Omnes
375 2108 562 2166 episcopi
596 2109 790 2151 dixerunt
818 2124 826 2150 :
856 2109 1048 2167 Legatur.
1079 2110 1130 2151 Et
1158 2109 1330 2151 recitata
1362 2118 1424 2151 est
1456 2123 1464 2149 :

119 2179 223 2222 Nato
241 2188 379 2221 autem
398 2194 478 2220 non
497 2180 682 2236 putative
697 2213 706 2228 ‚
725 2188 766 2222 et
785 2180 957 2236 reliqua.

173 2249 420 2290 Ambrosius
442 2250 662 2306 episcopus
697 2250 799 2292 dixit
825 2267 834 2291 ;
860 2250 1071 2308 Respondi
1100 2251 1174 2292 tibi
1202 2252 1252 2292 de
1276 2249 1436 2305 majore
1456 2281 1466 2297 ‚

118 2319 314 2375 respondi
335 2319 408 2360 tibi
430 2328 469 2360 et
491 2321 541 2362 de
562 2321 755 2375 subjecto
779 2337 786 2362 :
813 2336 926 2363 nunc
948 2330 987 2363 et
1012 2323 1098 2378 ipse
1121 2323 1342 2378 responde.

174 2387 343 2431 XLVII.
363 2390 569 2431 Palladius
588 2390 724 2432 Dixit:
747 2392 837 2434 'Non
863 2392 1144 2447 respondebo,
1164 2390 1241 2432 nisi
1255 2389 1467 2432 auditores

118 2459 283 2499 veniant
309 2467 400 2514 post
426 2460 686 2502 Dominicam
718 2461 841 2503 diem.

177 2527 425 2568 Ambrosius
457 2529 682 2587 episcopus
707 2531 808 2573 dixit
834 2545 843 2571 ε
872 2531 1051 2572 Υοηοιάε
1091 2538 1364 2577 tractaturus,
1395 2530 1468 2571 sed

118 2606 389 2656 posteaquam
429 2599 566 2656 objeci
605 2601 703 2649 tibi,
748 2602 883 2644 vidisti
917 2602 1136 2659 epistolam
1179 2600 1310 2647 Arrii,
1343 2615 1467 2656 quam
