1774 3158
516 242 796 270 EPISTOLARUM
830 242 984 270 CLASSIS
1021 244 1046 271 1.
1382 246 1459 274 211

119 319 313 362 ridebant
334 319 459 361 verba
482 319 709 377 aequitatis,
736 318 864 361 filiam
888 319 1020 368 senis,
1046 320 1140 376 quia
1168 321 1330 364 minore
1361 324 1467 366 iuvi-

121 390 186 432 dia
207 389 375 433 sceleris
397 389 677 439 offerebatur,
706 390 920 447 despectui
941 389 1160 433 habentes.

178 462 254 503 IX.
292 461 437 518 Itaque
455 475 550 503 cum
569 461 646 517 piae
670 460 774 503 nihil
790 459 1050 517 proficerent
1070 476 1237 518 preces,
1258 471 1300 505 et
1321 464 1471 506 seniles

119 531 273 574 frustra
310 531 460 589 hospes
490 547 639 573 manus
677 533 892 580 tenderet,
921 532 1139 588 desperato
1165 534 1379 589 praesidio,
1409 550 1472 577 ra-

119 603 233 662 pitur
275 603 454 651 mulier,
495 611 536 644 et
572 618 646 659 per
686 611 815 644 totam
849 611 1019 644 noctem
1058 603 1221 659 injuriae
1254 605 1465 662 impletur.

120 673 174 716 At
196 672 267 714 ubi
290 673 360 714 lux
377 672 501 713 finem
526 672 858 728 intemperantiae
877 671 1015 721 dedit,
1033 671 1205 728 januam
1222 674 1470 731 hospitalem

121 743 294 801 repetit,
319 758 404 787 non
424 756 506 799 quo
523 741 599 784 viri
622 750 897 798 conspectum
917 751 1185 799 exposceret,
1202 759 1328 800 quem
1345 746 1475 803 magis

124 814 419 857 declinandum
451 820 641 870 putaret,
683 813 950 854 contumeliae
988 814 1150 869 pudore
1190 815 1437 858 miserabilis
1465 832 1473 858 :

122 885 196 927 sed
228 892 275 926 ut
305 883 500 925 affectum
526 883 613 923 viro
645 882 845 931 referret,
875 897 967 939 quae
991 883 1226 926 castitatem
1260 885 1476 934 amiserat,

123 963 163 998 et
189 955 455 997 contumeliae
476 969 560 996 suae
584 954 708 996 funus
739 954 998 996 lamentabili
1024 955 1166 1011 specie
1190 963 1284 997 ante
1306 956 1477 1013 januam

123 1025 373 1084 hospitalem
395 1033 639 1082 exponeret.
656 1025 855 1081 Egressus
876 1025 1015 1081 itaque
1036 1025 1203 1075 Levita,
1222 1042 1319 1069 cum
1342 1027 1482 1084 jacen-

125 1105 209 1139 tem
242 1095 490 1142 invenisset,
533 1095 759 1137 arbitratus
799 1096 914 1152 quod
946 1098 1203 1139 verecundia
1227 1099 1387 1140 vultum
1416 1114 1485 1140 ne-

124 1181 334 1225 quaquam
373 1167 565 1208 attollere
600 1167 795 1215 auderet,
839 1166 1050 1208 consolari
1086 1168 1236 1224 coepit;
1271 1169 1366 1225 quia
1399 1184 1484 1210 non

125 1237 363 1285 voluntate,
383 1237 458 1278 sed
478 1236 606 1278 invita
631 1243 756 1278 tantae
779 1235 945 1293 injuriae
969 1237 1266 1281 succubuisset
1291 1253 1301 1280 ε
1326 1238 1485 1281 hortari

127 1322 369 1363 assurgere,
394 1315 436 1349 et
469 1321 613 1348 secum
654 1314 845 1363 repetere
883 1308 1073 1350 domum.
1105 1307 1190 1350 Sed
1217 1309 1291 1351 ubi
1321 1310 1486 1352 nullum

127 1392 374 1435 responsum
396 1376 676 1425 referebatur,
702 1377 821 1434 quasi
844 1377 1132 1434 quiescentem
1156 1379 1317 1435 majore
1341 1395 1443 1422 voce
1464 1396 1486 1422 e

128 1462 274 1490 somno
299 1447 495 1489 excitare.

183 1517 240 1560 X.
277 1516 435 1560 Verum
465 1516 536 1558 ubi
557 1517 705 1559 mortis
728 1532 934 1574 supremae
957 1518 1094 1575 patuit
1117 1516 1221 1562 fides
1237 1551 1248 1567 ,
1269 1518 1486 1577 impositas

125 1587 318 1644 jumento
349 1586 546 1644 reliquias
569 1588 743 1630 domum
781 1589 979 1645 pertulit,
1002 1597 1044 1631 et
1072 1589 1225 1632 divisos
1250 1599 1363 1633 artus
1398 1606 1489 1633 mu—

127 1658 239 1701 lieris
262 1659 303 1699 in
330 1666 468 1716 partes
488 1658 712 1700 duodecim
735 1659 848 1700 misit
866 1675 940 1716 per
962 1659 1144 1717 singulas
1161 1661 1296 1703 tribus
1312 1662 1485 1704 Israel&

131 1726 226 1778 Quo
245 1734 482 1768 commotus
501 1727 719 1769 universus
742 1728 921 1784 populus
944 1728 1141 1770 convenit
1163 1728 1205 1770 in
1228 1729 1486 1786 Massephat,

131 1805 255 1853 atque
279 1796 334 1837 ibi
368 1798 536 1852 querela
562 1813 635 1853 per
656 1797 842 1839 Lex-iiam
868 1798 1033 1854 cognita
1052 1830 1063 1847 ,
1090 1813 1237 1840 omnes
1265 1799 1307 1840 iu
1330 1800 1489 1842 bellum

131 1882 344 1916 exarsere,
371 1876 601 1909 statuentes
629 1868 842 1910 neminem
872 1870 1057 1910 virorum
1093 1869 1152 1910 sas
1178 1884 1268 1912 esse
1290 1870 1330 1911 in
1355 1871 1492 1913 taber-

132 1938 332 1979 naculum
361 1938 588 1978 succedere
605 1970 615 1986 ,
640 1939 888 1995 priusquam
909 1939 959 1979 de
989 1937 1092 1980 tanti
1115 1939 1283 1981 sceleris
1306 1942 1491 1982 auctoria

131 2008 210 2051 bus
229 2008 331 2051 ultio
348 2017 649 2065 capesseretur.
671 2009 836 2051 Animis
854 2010 994 2066 itaque
1013 2009 1192 2051 ruebant
1209 2010 1250 2051 in
1273 2011 1490 2067 praelium:

133 2080 206 2122 scd
236 2080 456 2122 consilium
489 2079 813 2137 prudentiorum
847 2081 1063 2137 praevertit
1093 2082 1374 2131 sententiam,
1407 2098 1491 2125 non

134 2158 292 2190 temere
315 2149 628 2205 confligendum
652 2151 762 2209 bello
787 2166 884 2192 cum
909 2151 1070 2193 civibus
1086 2184 1097 2199 ,
1122 2152 1196 2193 sed
1215 2151 1330 2208 prius
1354 2153 1491 2195 verbis

134 2221 434 2278 experiendum
469 2222 520 2262 de
552 2221 736 2278 flagitio,
761 2231 800 2263 et
832 2223 1148 2264 decernendum
1178 2223 1490 2266 conditionibus

134 2305 210 2348 pro
237 2291 397 2332 delictis
420 2307 428 2331 :
455 2306 591 2348 neque
616 2291 774 2347 justum
804 2292 961 2341 videri,
988 2301 1033 2334 ut
1060 2307 1293 2349 paucorum
1320 2295 1490 2336 sceleris

135 2362 317 2418 pretium
349 2363 400 2403 ad
423 2376 568 2404 omues
595 2364 856 2419 perveniret,
887 2372 930 2405 et
958 2364 1119 2420 privata
1156 2365 1488 2406 adolescentium

135 2439 312 2489 peccata
330 2439 484 2473 statum
508 2433 650 2474 salutis
668 2434 847 2491 publicae
865 2434 1181 2476 labefactarent.
1201 2435 1347 2492 Itaque
1371 2436 1491 2478 mise-

138 2511 238 2544 runt
258 2502 367 2543 viros
385 2535 395 2550 ,
418 2503 806 2563 quidenuntiarent
828 2504 1074 2548 Gabaonitis
1088 2537 1100 2555 ‚
1125 2514 1171 2548 ut
1188 2507 1292 2549 tanti
1310 2522 1402 2549 reos
1423 2506 1494 2549 ssa-

184 2602 193 2616 ¹
215 2593 323 2625 Judic.
342 2603 406 2629 xix,
420 2593 472 2630 28.

1283 2657 1346 2704 14.
