1774 3158
305 295 385 337 362
861 310 895 338 s.
935 309 1126 338 ammosa

299 394 465 427 sanctos
483 395 689 443 martyres
710 386 916 429 aestimare
933 387 1133 428 dehemus
1150 419 1159 435 ,
1183 400 1366 443 quorum
1391 387 1476 443 jam
1498 386 1541 428 in
1567 403 1644 429 nu-

298 471 464 498 merum
493 456 565 498 diu
589 465 684 498 ante
714 457 891 514 ignorati
925 457 1138 499 Protasius
1166 457 1474 513 Gervasiusque
1499 456 1649 515 praeie-

301 534 481 575 runtur,
511 527 580 582 qui
609 527 791 568 sterilem
817 527 1073 584 martyribus
1098 527 1328 569 Ecclesiam
1361 527 1650 569 Mediolanen-

301 611 411 644 sem,
435 596 520 653 jam
547 598 825 654 plurimorum
865 606 1039 640 matrem
1072 596 1255 639 filiorum
1286 597 1417 640 laetari
1447 597 1650 655 passionis

301 666 480 722 propria:
502 666 675 708 fecerint
698 675 739 708 et
762 667 890 708 titulis
916 676 957 709 et
974 667 1204 724 exemplis?

358 735 466 778 VIII.
505 736 592 779 Noc
617 737 698 779 hoc
722 737 947 779 abhorreat
973 754 991 778 a
1017 753 1113 779 vera
1139 737 1222 779 fide
1247 752 1288 778 :a
1306 738 1402 780 Dies
1421 738 1504 779 diei
1531 752 1652 779 eruc·

300 815 389 849 »tat
410 808 610 856 verbum,
631 826 646 847 ι»
679 809 816 850 anima
846 810 1017 854 animae,
1048 810 1127 850 vita
1162 809 1278 856 vitae,
1301 809 1554 850 resurrectio
1583 824 1650 850 re·-

303 878 567 920 surrectioni.
588 897 602 917 «
626 879 674 919 Et
706 894 788 920 nox
825 880 939 921 nocti
964 880 1120 921 indicat
1144 878 1405 927 scientiam¹‚
1429 899 1444 917 »
1461 879 1540 920 hoc
1563 886 1647 925 est,

303 962 400 989 caro
428 948 567 996 carni,
596 964 779 1004 quorum
806 950 940 1005 passio
969 965 1110 991 veram
1150 949 1245 990 fidei
1282 949 1496 990 scientiam
1521 948 1652 989 omni-

299 1017 376 1058 bus
401 1018 611 1060 indicavit.
641 1019 767 1060 Bonae
799 1028 966 1067 noctes,
1004 1028 1148 1060 noctes
1178 1019 1350 1066 lucidae,
1377 1034 1469 1074 quae
1497 1017 1652 1059 habent

299 1088 460 1136 stellas;
480 1106 494 1126 α
521 1088 639 1130 Sicut
661 1089 773 1130 euim
798 1090 914 1130 stella
938 1103 957 1129 a
981 1090 1096 1130 stella
1127 1088 1266 1130 dissert
1289 1089 1330 1129 in
1354 1088 1543 1131 claritate
1561 1119 1572 1136 ,
1596 1087 1651 1130 ita

302 1166 372 1199 »et
395 1159 625 1199 resurectio
642 1167 908 1200 mortuorum
922 1158 952 1201 ².
973 1178 987 1197 η

358 1228 434 1269 [X.
472 1228 563 1271 Non
586 1229 797 1271 immerito
822 1238 961 1271 autem
985 1229 1174 1286 plerique
1195 1229 1304 1271 hanc
1322 1236 1557 1286 martyrum
1580 1236 1650 1269 re-

300 1299 605 1340 surrectionem
634 1300 868 1356 appellant3
894 1299 1035 1341 videro
1060 1308 1199 1341 tamen
1226 1308 1369 1340 utrum
1400 1298 1506 1347 sibi,
1531 1298 1652 1340 nobis

302 1377 416 1411 certe
453 1378 659 1427 martyres
697 1371 1014 1413 resurrexerint.
1050 1370 1341 1428 Cognovistis,
1377 1369 1463 1411 imo
1490 1369 1652 1412 vidistis

298 1439 375 1496 ipsi
399 1442 553 1482 multos
581 1456 601 1482 a
634 1441 848 1483 daemoniis
881 1450 1081 1499 purgatos
1111 1457 1119 1482 :
1146 1441 1350 1498 plurimos
1390 1441 1539 1490 etiam,
1579 1441 1652 1483 nbi

297 1520 454 1553 vestem
479 1520 719 1554 sanctorum
746 1513 941 1554 manibus
964 1513 1255 1570 contigerunt,
1286 1513 1333 1554 iis
1357 1513 1509 1569 quibus
1531 1513 1653 1554 labo-

295 1582 470 1630 rabant,
498 1583 783 1625 debilitatibus
806 1584 1022 1626 absolutos
1050 1600 1059 1623 :
1089 1591 1279 1640 reparata
1303 1583 1454 1626 vetusti
1494 1592 1654 1640 tempo-

297 1651 353 1693 ris
380 1652 610 1701 miracula,
638 1668 720 1709 quo
753 1669 795 1695 se
830 1668 906 1711 per
933 1655 1158 1695 adventum
1185 1652 1355 1694 Domini
1389 1652 1491 1694 Jesu
1521 1651 1653 1709 gratia

296 1722 417 1764 terris
439 1723 574 1779 major
601 1724 812 1766 infuderat
828 1757 838 1772 ,
857 1725 1007 1765 umbra
1031 1725 1212 1781 quadam
1238 1732 1480 1765 sanctorum
1506 1738 1655 1780 corpo·

300 1807 394 1834 rum
416 1794 638 1851 plerosque
657 1803 821 1837 sanatos
840 1795 1024 1836 cernitis.
1042 1795 1208 1846 Quanta
1229 1794 1362 1835 oraria
1381 1792 1654 1849 jactitantur?

300 1872 456 1919 quanta
487 1865 734 1906 indumenta
766 1880 892 1922 super
924 1865 1120 1922 reliquias
1155 1865 1454 1907 sacratissimas
1477 1872 1518 1905 et
1539 1872 1654 1905 tactu

297 1933 388 1990 ipso
417 1934 685 1976 medicabilia
713 1935 1027 1992 reposcuntur?
1059 1935 1255 1977 Gaudent
1287 1950 1432 1977 omnes
1467 1942 1653 1977 extrema

296 2007 408 2048 linea
432 2007 702 2063 contingere3
728 2016 771 2048 et
788 2007 858 2063 qui
881 2007 1105 2064 contigerit
1121 2039 1130 2054 ,
1151 2009 1287 2049 salvus
1305 2007 1395 2048 erit.

356 2077 411 2119 X.
451 2077 614 2119 Gratias
639 2077 740 2126 tibi,
755 2077 937 2119 Domine
959 2076 1082 2126 Jesu,
1104 2077 1216 2133 quod
1239 2077 1319 2119 hoc
1344 2086 1535 2135 tempore
1552 2079 1653 2120 tales

296 2148 417 2190 nobis
442 2156 683 2190 sanctorum
712 2157 944 2204 martyrum
976 2148 1145 2204 spiritus
1169 2149 1384 2198 excitasti,
1404 2164 1487 2205 quo
1510 2149 1654 2191 Eccle=

291 2218 348 2260 sia
391 2227 462 2260 tua
495 2218 683 2275 praesidia
723 2218 881 2273 majora
920 2217 1142 2261 desiderat.
1195 2219 1464 2276 Cognoscant
1505 2235 1653 2262 omnes

289 2291 431 2346 quales
445 2304 521 2346 ego
549 2297 883 2346 propugnatores
909 2288 1119 2344 requiram
1139 2322 1148 2336 ,
1169 2290 1238 2345 qui
1264 2304 1531 2346 propugnare
1554 2306 1652 2347 pos-

286 2359 367 2400 sint
383 2391 393 2407 ,
424 2359 674 2415 impugnare
716 2373 801 2400 non
837 2359 1014 2400 soleant.
1065 2360 1148 2400 Hos
1191 2375 1268 2416 ego
1311 2359 1511 2416 acquisivi
1550 2360 1649 2408 tibi,

288 2429 406 2485 plebs
430 2438 596 2477 sanctai
620 2428 691 2485 qui
715 2428 877 2485 prosint
895 2428 1093 2470 omuibus
1112 2460 1123 2476 ,
1144 2429 1301 2470 nemini
1319 2438 1513 2471 noceant.
1531 2429 1651 2472 Tales

286 2513 363 2556 ego
389 2497 529 2539 ambio
553 2497 816 2546 defensores,
852 2499 952 2539 tales
977 2498 1131 2539 milites
1155 2498 1292 2540 habeo
1316 2514 1325 2540 z
1351 2499 1433 2540 hoc
1456 2507 1543 2548 est,
1567 2515 1651 2542 non

287 2567 427 2609 saeculi
450 2566 628 2615 milites,
653 2568 726 2609 sed
750 2568 903 2609 milites
932 2567 1104 2610 Christi.
1140 2567 1307 2610 Nullam
1337 2569 1389 2610 (le
1418 2569 1571 2611 talibus
1591 2569 1651 2610 in-

337 2666 346 2680 ¹
370 2657 452 2691 Psal.
472 2668 563 2695 xviii,
583 2670 611 2691 2.
629 2676 669 2682 --
686 2669 697 2683 ²
723 2670 733 2690 1
756 2659 832 2692 Cor.
850 2669 900 2697 xv,
918 2670 946 2691 1.
