<?xml version="1.0" encoding="UTF-8"?>
<!DOCTYPE html PUBLIC "-//W3C//DTD XHTML 1.0 Transitional//EN"
    "http://www.w3.org/TR/xhtml1/DTD/xhtml1-transitional.dtd">
<html xmlns="http://www.w3.org/1999/xhtml" xml:lang="en" lang="en">
 <head>
  <title>
</title>
<meta http-equiv="Content-Type" content="text/html;charset=utf-8" />
  <meta name='ocr-system' content='tesseract 3.04.00' />
  <meta name='ocr-capabilities' content='ocr_page ocr_carea ocr_par ocr_line ocrx_word'/>
</head>
<body>
  <div class='ocr_page' id='page_1' title='image "./omniaequaeextant08ambruoft_0497.png"; bbox 0 0 1774 3158; ppageno 0'>
   <div class='ocr_carea' id='block_1_1' title="bbox 619 200 1462 250">
    <p class='ocr_par' dir='ltr' id='par_1_1' title="bbox 619 200 1462 250">
     <span class='ocr_line' id='line_1_1' title="bbox 619 200 1462 250; baseline -0.002 -16"><span class='ocrx_word' id='word_1_1' title='bbox 619 200 953 235; x_wconf 71' lang='lat' dir='ltr'>ANNo&#39;rA&#39;rloNsss.</span> <span class='ocrx_word' id='word_1_2' title='bbox 1407 208 1462 250; x_wconf 80' lang='lat'>79</span> 
     </span>
    </p>
   </div>
   <div class='ocr_carea' id='block_1_2' title="bbox 113 284 1458 400">
    <p class='ocr_par' dir='ltr' id='par_1_2' title="bbox 113 284 1458 400">
     <span class='ocr_line' id='line_1_2' title="bbox 113 284 1458 344; baseline -0.001 -14"><span class='ocrx_word' id='word_1_3' title='bbox 113 285 312 336; x_wconf 81' lang='lat' dir='ltr'>nianum,</span> <span class='ocrx_word' id='word_1_4' title='bbox 345 287 398 330; x_wconf 86' lang='lat' dir='ltr'>ad</span> <span class='ocrx_word' id='word_1_5' title='bbox 431 300 557 344; x_wconf 88' lang='lat' dir='ltr'>quem</span> <span class='ocrx_word' id='word_1_6' title='bbox 591 286 787 330; x_wconf 78' lang='lat' dir='ltr'>secundae</span> <span class='ocrx_word' id='word_1_7' title='bbox 824 284 1079 344; x_wconf 82' lang='lat' dir='ltr'><strong>repulsionis</strong></span> <span class='ocrx_word' id='word_1_8' title='bbox 1123 285 1255 344; x_wconf 86' lang='lat' dir='ltr'>gloria</span> <span class='ocrx_word' id='word_1_9' title='bbox 1291 287 1458 330; x_wconf 81' lang='lat' dir='ltr'><strong>redibat</strong></span> 
     </span>
     <span class='ocr_line' id='line_1_3' title="bbox 116 371 322 400; baseline -0.005 0"><span class='ocrx_word' id='word_1_10' title='bbox 116 371 322 400; x_wconf 75' lang='lat' dir='ltr'>universa.</span> 
     </span>
    </p>
   </div>
   <div class='ocr_carea' id='block_1_3' title="bbox 492 474 1095 533">
    <p class='ocr_par' dir='ltr' id='par_1_3' title="bbox 492 474 1095 533">
     <span class='ocr_line' id='line_1_4' title="bbox 492 474 1095 533; baseline 0 -15"><span class='ocrx_word' id='word_1_11' title='bbox 492 489 734 518; x_wconf 73' lang='grc' dir='ltr'><strong>ΛΝΝοΤΑτιο</strong></span> <span class='ocrx_word' id='word_1_12' title='bbox 771 474 860 532; x_wconf 89' lang='grc'>(33)</span> <span class='ocrx_word' id='word_1_13' title='bbox 897 490 989 533; x_wconf 85' lang='lat' dir='ltr'><strong>pag.</strong></span> <span class='ocrx_word' id='word_1_14' title='bbox 1026 491 1095 533; x_wconf 86' lang='lat'>97.</span> 
     </span>
    </p>
   </div>
   <div class='ocr_carea' id='block_1_4' title="bbox 116 589 1492 1704">
    <p class='ocr_par' dir='ltr' id='par_1_4' title="bbox 116 589 1492 1704">
     <span class='ocr_line' id='line_1_5' title="bbox 176 589 1465 650; baseline 0 -16"><span class='ocrx_word' id='word_1_15' title='bbox 176 591 242 634; x_wconf 90' lang='lat' dir='ltr'>Ad</span> <span class='ocrx_word' id='word_1_16' title='bbox 264 589 305 633; x_wconf 88' lang='lat' dir='ltr'>id</span> <span class='ocrx_word' id='word_1_17' title='bbox 326 592 439 647; x_wconf 91' lang='lat' dir='ltr'>quod</span> <span class='ocrx_word' id='word_1_18' title='bbox 456 590 523 633; x_wconf 84' lang='lat' dir='ltr'>hic</span> <span class='ocrx_word' id='word_1_19' title='bbox 535 591 729 647; x_wconf 82' lang='lat' dir='ltr'>legimus,</span> <span class='ocrx_word' id='word_1_20' title='bbox 749 591 1016 648; x_wconf 75' lang='lat' dir='ltr'>rescriptam</span> <span class='ocrx_word' id='word_1_21' title='bbox 1032 594 1222 650; x_wconf 78' lang='lat' dir='ltr'>accipio,</span> <span class='ocrx_word' id='word_1_22' title='bbox 1247 595 1465 637; x_wconf 83' lang='lat' dir='ltr'>reserenda</span> 
     </span>
     <span class='ocr_line' id='line_1_6' title="bbox 116 661 1470 718; baseline 0.002 -15"><span class='ocrx_word' id='word_1_23' title='bbox 116 670 212 704; x_wconf 82' lang='lat' dir='ltr'>sunt</span> <span class='ocrx_word' id='word_1_24' title='bbox 233 662 300 703; x_wconf 87' lang='lat' dir='ltr'>illa</span> <span class='ocrx_word' id='word_1_25' title='bbox 321 677 373 703; x_wconf 86' lang='lat' dir='ltr'>ex</span> <span class='ocrx_word' id='word_1_26' title='bbox 395 661 570 718; x_wconf 85' lang='lat' dir='ltr'>epistola</span> <span class='ocrx_word' id='word_1_27' title='bbox 597 677 695 710; x_wconf 68' lang='grc' dir='ltr'>ιω,</span> <span class='ocrx_word' id='word_1_28' title='bbox 721 676 760 703; x_wconf 89' lang='lat' dir='ltr'>n.</span> <span class='ocrx_word' id='word_1_29' title='bbox 789 675 808 702; x_wconf 79' lang='lat'>2</span> <span class='ocrx_word' id='word_1_30' title='bbox 829 693 841 710; x_wconf 93' lang='lat'><strong><em>,</em></strong></span> <span class='ocrx_word' id='word_1_31' title='bbox 872 670 920 702; x_wconf 79' lang='lat' dir='ltr'>ut</span> <span class='ocrx_word' id='word_1_32' title='bbox 942 677 969 702; x_wconf 84' lang='lat' dir='ltr'><strong><em>a</em></strong></span> <span class='ocrx_word' id='word_1_33' title='bbox 991 677 1059 703; x_wconf 79' lang='lat' dir='ltr'>me</span> <span class='ocrx_word' id='word_1_34' title='bbox 1087 662 1347 718; x_wconf 77' lang='lat' dir='ltr'>baptismate</span> <span class='ocrx_word' id='word_1_35' title='bbox 1383 665 1470 706; x_wconf 78' lang='lat' dir='ltr'><em>im·-</em></span> 
     </span>
     <span class='ocr_line' id='line_1_7' title="bbox 117 730 1470 784; baseline 0.003 -11"><span class='ocrx_word' id='word_1_36' title='bbox 117 733 320 784; x_wconf 64' lang='lat' dir='ltr'>daretur,</span> <span class='ocrx_word' id='word_1_37' title='bbox 340 731 624 773; x_wconf 70' lang='lat' dir='ltr'>scribendam</span> <span class='ocrx_word' id='word_1_38' title='bbox 646 730 893 772; x_wconf 73' lang='lat' dir='ltr'>arbitratus</span> <span class='ocrx_word' id='word_1_39' title='bbox 916 741 1000 780; x_wconf 73' lang='grc' dir='ltr'>εεες</span> <span class='ocrx_word' id='word_1_40' title='bbox 1032 734 1144 774; x_wconf 89' lang='lat' dir='ltr'>unde</span> <span class='ocrx_word' id='word_1_41' title='bbox 1175 734 1291 776; x_wconf 86' lang='lat' dir='ltr'>haud</span> <span class='ocrx_word' id='word_1_42' title='bbox 1312 735 1470 777; x_wconf 85' lang='lat' dir='ltr'>medio·</span> 
     </span>
     <span class='ocr_line' id='line_1_8' title="bbox 121 802 1472 861; baseline 0.002 -16"><span class='ocrx_word' id='word_1_43' title='bbox 121 802 248 846; x_wconf 85' lang='lat' dir='ltr'>criter</span> <span class='ocrx_word' id='word_1_44' title='bbox 268 802 485 859; x_wconf 75' lang='lat' dir='ltr'>probabile</span> <span class='ocrx_word' id='word_1_45' title='bbox 507 811 569 844; x_wconf 87' lang='lat' dir='ltr'>est</span> <span class='ocrx_word' id='word_1_46' title='bbox 591 817 676 843; x_wconf 91' lang='lat' dir='ltr'>non</span> <span class='ocrx_word' id='word_1_47' title='bbox 695 803 748 844; x_wconf 89' lang='lat' dir='ltr'>de</span> <span class='ocrx_word' id='word_1_48' title='bbox 769 803 973 860; x_wconf 84' lang='lat' dir='ltr'>rescripto</span> <span class='ocrx_word' id='word_1_49' title='bbox 992 804 1164 861; x_wconf 89' lang='lat' dir='ltr'>proprie</span> <span class='ocrx_word' id='word_1_50' title='bbox 1181 804 1294 847; x_wconf 85' lang='lat' dir='ltr'>dicto</span> <span class='ocrx_word' id='word_1_51' title='bbox 1317 805 1472 848; x_wconf 83' lang='lat' dir='ltr'>intelli-</span> 
     </span>
     <span class='ocr_line' id='line_1_9' title="bbox 118 872 1472 931; baseline 0.002 -16"><span class='ocrx_word' id='word_1_52' title='bbox 118 875 302 931; x_wconf 83' lang='lat' dir='ltr'>gendum</span> <span class='ocrx_word' id='word_1_53' title='bbox 319 904 329 920; x_wconf 91' lang='lat'><strong>,</strong></span> <span class='ocrx_word' id='word_1_54' title='bbox 354 873 427 914; x_wconf 90' lang='lat' dir='ltr'>sed</span> <span class='ocrx_word' id='word_1_55' title='bbox 451 873 501 913; x_wconf 88' lang='lat' dir='ltr'>de</span> <span class='ocrx_word' id='word_1_56' title='bbox 528 872 678 914; x_wconf 85' lang='lat' dir='ltr'>litteris</span> <span class='ocrx_word' id='word_1_57' title='bbox 702 873 790 930; x_wconf 84' lang='lat' dir='ltr'>ipsa</span> <span class='ocrx_word' id='word_1_58' title='bbox 806 872 1095 921; x_wconf 79' lang='lat' dir='ltr'>Valentiniani</span> <span class='ocrx_word' id='word_1_59' title='bbox 1117 890 1245 918; x_wconf 87' lang='lat' dir='ltr'>manu</span> <span class='ocrx_word' id='word_1_60' title='bbox 1267 877 1444 918; x_wconf 79' lang='lat' dir='ltr'>exaratis</span> <span class='ocrx_word' id='word_1_61' title='bbox 1461 908 1472 925; x_wconf 89' lang='lat'>,</span> 
     </span>
     <span class='ocr_line' id='line_1_10' title="bbox 122 943 1476 1002; baseline 0.001 -15"><span class='ocrx_word' id='word_1_62' title='bbox 122 943 362 1001; x_wconf 84' lang='lat' dir='ltr'>cujusmodi</span> <span class='ocrx_word' id='word_1_63' title='bbox 383 943 605 1000; x_wconf 79' lang='lat' dir='ltr'>epistolam</span> <span class='ocrx_word' id='word_1_64' title='bbox 631 958 649 984; x_wconf 83' lang='lat' dir='ltr'>a</span> <span class='ocrx_word' id='word_1_65' title='bbox 675 943 880 986; x_wconf 75' lang='lat' dir='ltr'>Gratiano</span> <span class='ocrx_word' id='word_1_66' title='bbox 908 960 952 986; x_wconf 87' lang='lat' dir='ltr'>se</span> <span class='ocrx_word' id='word_1_67' title='bbox 986 945 1196 1002; x_wconf 84' lang='lat' dir='ltr'>accepisse</span> <span class='ocrx_word' id='word_1_68' title='bbox 1227 947 1476 990; x_wconf 88' lang='lat' dir='ltr'>Ambrosius</span> 
     </span>
     <span class='ocr_line' id='line_1_11' title="bbox 124 1013 1477 1071; baseline 0.002 -14"><span class='ocrx_word' id='word_1_69' title='bbox 124 1023 300 1057; x_wconf 78' lang='lat' dir='ltr'>testatur</span> <span class='ocrx_word' id='word_1_70' title='bbox 321 1014 439 1071; x_wconf 84' lang='lat' dir='ltr'>epist.</span> <span class='ocrx_word' id='word_1_71' title='bbox 465 1031 477 1055; x_wconf 86' lang='lat'>1</span> <span class='ocrx_word' id='word_1_72' title='bbox 493 1046 502 1061; x_wconf 92' lang='lat'><em>‚</em></span> <span class='ocrx_word' id='word_1_73' title='bbox 520 1029 634 1054; x_wconf 87' lang='lat' dir='ltr'>num.</span> <span class='ocrx_word' id='word_1_74' title='bbox 658 1014 697 1059; x_wconf 74' lang='lat'>5.</span> <span class='ocrx_word' id='word_1_75' title='bbox 723 1014 768 1055; x_wconf 90' lang='lat' dir='ltr'>Iu</span> <span class='ocrx_word' id='word_1_76' title='bbox 785 1013 957 1071; x_wconf 80' lang='lat' dir='ltr'>epistola</span> <span class='ocrx_word' id='word_1_77' title='bbox 979 1030 1104 1071; x_wconf 85' lang='lat' dir='ltr'>porro</span> <span class='ocrx_word' id='word_1_78' title='bbox 1122 1032 1194 1058; x_wconf 86' lang='lat' dir='ltr'>L111</span> <span class='ocrx_word' id='word_1_79' title='bbox 1218 1019 1330 1059; x_wconf 81' lang='lat' dir='ltr'>nulla</span> <span class='ocrx_word' id='word_1_80' title='bbox 1353 1033 1477 1061; x_wconf 82' lang='lat' dir='ltr'>causa</span> 
     </span>
     <span class='ocr_line' id='line_1_12' title="bbox 127 1083 1476 1143; baseline 0.002 -16"><span class='ocrx_word' id='word_1_81' title='bbox 127 1100 202 1128; x_wconf 87' lang='lat' dir='ltr'>cur</span> <span class='ocrx_word' id='word_1_82' title='bbox 226 1085 358 1126; x_wconf 86' lang='lat' dir='ltr'>sancti</span> <span class='ocrx_word' id='word_1_83' title='bbox 383 1083 458 1125; x_wconf 73' lang='lat' dir='ltr'>viri</span> <span class='ocrx_word' id='word_1_84' title='bbox 483 1084 713 1125; x_wconf 82' lang='lat' dir='ltr'>adventum</span> <span class='ocrx_word' id='word_1_85' title='bbox 742 1084 971 1141; x_wconf 83' lang='lat' dir='ltr'>imperator</span> <span class='ocrx_word' id='word_1_86' title='bbox 1005 1095 1251 1143; x_wconf 83' lang='lat' dir='ltr'>expeteret,</span> <span class='ocrx_word' id='word_1_87' title='bbox 1280 1088 1476 1138; x_wconf 80' lang='lat' dir='ltr'>affertur,</span> 
     </span>
     <span class='ocr_line' id='line_1_13' title="bbox 126 1153 1481 1215; baseline 0.004 -19"><span class='ocrx_word' id='word_1_88' title='bbox 126 1164 405 1212; x_wconf 65' lang='lat' dir='ltr'>praeterquam</span> <span class='ocrx_word' id='word_1_89' title='bbox 432 1153 542 1195; x_wconf 87' lang='lat' dir='ltr'>illius</span> <span class='ocrx_word' id='word_1_90' title='bbox 565 1154 806 1211; x_wconf 79' lang='lat' dir='ltr'>baptizandi</span> <span class='ocrx_word' id='word_1_91' title='bbox 827 1169 836 1195; x_wconf 92' lang='lat'><strong>:</strong></span> <span class='ocrx_word' id='word_1_92' title='bbox 858 1163 898 1196; x_wconf 82' lang='lat' dir='ltr'>at</span> <span class='ocrx_word' id='word_1_93' title='bbox 919 1154 960 1196; x_wconf 90' lang='lat' dir='ltr'>in</span> <span class='ocrx_word' id='word_1_94' title='bbox 983 1155 1064 1196; x_wconf 89' lang='lat' dir='ltr'>hoc</span> <span class='ocrx_word' id='word_1_95' title='bbox 1082 1156 1272 1213; x_wconf 78' lang='lat' dir='ltr'><strong>epicedio</strong></span> <span class='ocrx_word' id='word_1_96' title='bbox 1294 1159 1481 1215; x_wconf 69' lang='lat' dir='ltr'>praemit-</span> 
     </span>
     <span class='ocr_line' id='line_1_14' title="bbox 130 1215 1480 1282; baseline 0.003 -16"><span class='ocrx_word' id='word_1_97' title='bbox 130 1215 230 1267; x_wconf 72' lang='lat' dir='ltr'>titur</span> <span class='ocrx_word' id='word_1_98' title='bbox 253 1226 406 1272; x_wconf 81' lang='lat' dir='ltr'>altera,</span> <span class='ocrx_word' id='word_1_99' title='bbox 445 1224 648 1265; x_wconf 87' lang='lat' dir='ltr'>nimirum</span> <span class='ocrx_word' id='word_1_100' title='bbox 687 1232 732 1266; x_wconf 87' lang='lat' dir='ltr'>ut</span> <span class='ocrx_word' id='word_1_101' title='bbox 764 1224 914 1266; x_wconf 84' lang='lat' dir='ltr'>vadem</span> <span class='ocrx_word' id='word_1_102' title='bbox 948 1234 1087 1282; x_wconf 78' lang='lat' dir='ltr'>ageret</span> <span class='ocrx_word' id='word_1_103' title='bbox 1115 1227 1365 1270; x_wconf 86' lang='lat' dir='ltr'>Ambrosius</span> <span class='ocrx_word' id='word_1_104' title='bbox 1404 1244 1480 1282; x_wconf 91' lang='lat' dir='ltr'>pro</span> 
     </span>
     <span class='ocr_line' id='line_1_15' title="bbox 130 1294 1486 1352; baseline 0.003 -16"><span class='ocrx_word' id='word_1_105' title='bbox 130 1297 382 1352; x_wconf 75' lang='lat' dir='ltr'>imperatore</span> <span class='ocrx_word' id='word_1_106' title='bbox 405 1294 517 1351; x_wconf 85' lang='lat' dir='ltr'>apud</span> <span class='ocrx_word' id='word_1_107' title='bbox 535 1294 829 1351; x_wconf 83' lang='lat' dir='ltr'>Arhogastem.</span> <span class='ocrx_word' id='word_1_108' title='bbox 860 1294 985 1336; x_wconf 78' lang='lat' dir='ltr'>Certe</span> <span class='ocrx_word' id='word_1_109' title='bbox 1013 1297 1190 1338; x_wconf 83' lang='lat' dir='ltr'>occultae</span> <span class='ocrx_word' id='word_1_110' title='bbox 1218 1297 1327 1339; x_wconf 86' lang='lat' dir='ltr'>illius</span> <span class='ocrx_word' id='word_1_111' title='bbox 1350 1298 1486 1341; x_wconf 85' lang='lat' dir='ltr'>offen-</span> 
     </span>
     <span class='ocr_line' id='line_1_16' title="bbox 131 1364 1483 1425; baseline 0.003 -19"><span class='ocrx_word' id='word_1_112' title='bbox 131 1364 271 1407; x_wconf 85' lang='lat' dir='ltr'>siones</span> <span class='ocrx_word' id='word_1_113' title='bbox 299 1365 340 1406; x_wconf 88' lang='lat' dir='ltr'>in</span> <span class='ocrx_word' id='word_1_114' title='bbox 368 1364 574 1420; x_wconf 76' lang='lat' dir='ltr'>professas</span> <span class='ocrx_word' id='word_1_115' title='bbox 616 1364 859 1406; x_wconf 83' lang='lat' dir='ltr'>inimicitias</span> <span class='ocrx_word' id='word_1_116' title='bbox 896 1374 1150 1422; x_wconf 81' lang='lat' dir='ltr'>eruperant,</span> <span class='ocrx_word' id='word_1_117' title='bbox 1179 1375 1226 1408; x_wconf 82' lang='lat' dir='ltr'>ut</span> <span class='ocrx_word' id='word_1_118' title='bbox 1255 1367 1483 1425; x_wconf 83' lang='lat' dir='ltr'>Gregorius</span> 
     </span>
     <span class='ocr_line' id='line_1_17' title="bbox 133 1434 1483 1491; baseline 0.003 -14"><span class='ocrx_word' id='word_1_119' title='bbox 133 1435 293 1478; x_wconf 71' lang='lat' dir='ltr'>Tu‘ron.</span> <span class='ocrx_word' id='word_1_120' title='bbox 315 1450 365 1476; x_wconf 90' lang='lat' dir='ltr'>ex</span> <span class='ocrx_word' id='word_1_121' title='bbox 381 1434 473 1476; x_wconf 82' lang='lat' dir='ltr'>Sev.</span> <span class='ocrx_word' id='word_1_122' title='bbox 496 1434 736 1476; x_wconf 79' lang='lat' dir='ltr'>Alexandro</span> <span class='ocrx_word' id='word_1_123' title='bbox 750 1435 955 1491; x_wconf 74' lang='lat' dir='ltr'>scriptore</span> <span class='ocrx_word' id='word_1_124' title='bbox 971 1436 1212 1491; x_wconf 70' lang='lat' dir='ltr'>synchrono</span> <span class='ocrx_word' id='word_1_125' title='bbox 1230 1439 1354 1479; x_wconf 78' lang='lat' dir='ltr'>tradit</span> <span class='ocrx_word' id='word_1_126' title='bbox 1371 1439 1483 1481; x_wconf 85' lang='lat' dir='ltr'>lib.11</span> 
     </span>
     <span class='ocr_line' id='line_1_18' title="bbox 136 1505 1484 1564; baseline 0.003 -17"><span class='ocrx_word' id='word_1_127' title='bbox 136 1506 295 1549; x_wconf 69' lang='lat' dir='ltr'>Hiszor.</span> <span class='ocrx_word' id='word_1_128' title='bbox 324 1521 413 1563; x_wconf 82' lang='lat' dir='ltr'>cap.</span> <span class='ocrx_word' id='word_1_129' title='bbox 448 1521 514 1548; x_wconf 88' lang='lat'>10.</span> <span class='ocrx_word' id='word_1_130' title='bbox 540 1505 739 1548; x_wconf 84' lang='lat' dir='ltr'>Zozimus</span> <span class='ocrx_word' id='word_1_131' title='bbox 763 1506 833 1548; x_wconf 89' lang='lat' dir='ltr'>lib.</span> <span class='ocrx_word' id='word_1_132' title='bbox 862 1520 902 1547; x_wconf 88' lang='lat' dir='ltr'>1v</span> <span class='ocrx_word' id='word_1_133' title='bbox 924 1515 965 1547; x_wconf 84' lang='lat' dir='ltr'>et</span> <span class='ocrx_word' id='word_1_134' title='bbox 987 1506 1289 1564; x_wconf 81' lang='lat' dir='ltr'>Philostorgius</span> <span class='ocrx_word' id='word_1_135' title='bbox 1308 1509 1379 1551; x_wconf 87' lang='lat' dir='ltr'>lib.</span> <span class='ocrx_word' id='word_1_136' title='bbox 1410 1525 1452 1551; x_wconf 81' lang='lat' dir='ltr'>xt</span> <span class='ocrx_word' id='word_1_137' title='bbox 1473 1542 1484 1558; x_wconf 91' lang='lat'>,</span> 
     </span>
     <span class='ocr_line' id='line_1_19' title="bbox 136 1575 1489 1634; baseline 0.001 -15"><span class='ocrx_word' id='word_1_138' title='bbox 136 1591 228 1634; x_wconf 82' lang='lat' dir='ltr'>cap.</span> <span class='ocrx_word' id='word_1_139' title='bbox 264 1593 297 1633; x_wconf 63' lang='lat'>¹,-</span> <span class='ocrx_word' id='word_1_140' title='bbox 325 1576 496 1619; x_wconf 80' lang='lat' dir='ltr'>Nullum</span> <span class='ocrx_word' id='word_1_141' title='bbox 526 1584 665 1617; x_wconf 81' lang='lat' dir='ltr'>autem</span> <span class='ocrx_word' id='word_1_142' title='bbox 694 1576 745 1616; x_wconf 81' lang='lat' dir='ltr'>ad</span> <span class='ocrx_word' id='word_1_143' title='bbox 770 1575 1105 1617; x_wconf 87' lang='lat' dir='ltr'>reconciliandos</span> <span class='ocrx_word' id='word_1_144' title='bbox 1130 1577 1305 1619; x_wconf 81' lang='lat' dir='ltr'>Caesaris</span> <span class='ocrx_word' id='word_1_145' title='bbox 1333 1587 1374 1620; x_wconf 82' lang='lat' dir='ltr'>et</span> <span class='ocrx_word' id='word_1_146' title='bbox 1404 1579 1489 1620; x_wconf 92' lang='lat' dir='ltr'>Co-</span> 
     </span>
     <span class='ocr_line' id='line_1_20' title="bbox 138 1645 1492 1704; baseline 0.001 -15"><span class='ocrx_word' id='word_1_147' title='bbox 138 1648 250 1689; x_wconf 84' lang='lat' dir='ltr'>mitis</span> <span class='ocrx_word' id='word_1_148' title='bbox 273 1647 432 1688; x_wconf 86' lang='lat' dir='ltr'>animos</span> <span class='ocrx_word' id='word_1_149' title='bbox 458 1646 637 1687; x_wconf 85' lang='lat' dir='ltr'>Praesule</span> <span class='ocrx_word' id='word_1_150' title='bbox 664 1653 808 1687; x_wconf 84' lang='lat' dir='ltr'>nostro</span> <span class='ocrx_word' id='word_1_151' title='bbox 832 1645 962 1701; x_wconf 79' lang='lat' dir='ltr'>magis</span> <span class='ocrx_word' id='word_1_152' title='bbox 981 1646 1178 1688; x_wconf 87' lang='lat' dir='ltr'>idoneum</span> <span class='ocrx_word' id='word_1_153' title='bbox 1203 1662 1292 1689; x_wconf 86' lang='lat' dir='ltr'>esse</span> <span class='ocrx_word' id='word_1_154' title='bbox 1308 1648 1492 1704; x_wconf 86' lang='lat' dir='ltr'>potuisse</span> 
     </span>
    </p>
   </div>
   <div class='ocr_carea' id='block_1_5' title="bbox 141 1715 1495 1841">
    <p class='ocr_par' dir='ltr' id='par_1_5' title="bbox 141 1715 1495 1841">
     <span class='ocr_line' id='line_1_21' title="bbox 141 1715 1495 1775; baseline 0.001 -15"><span class='ocrx_word' id='word_1_155' title='bbox 141 1733 191 1760; x_wconf 85' lang='lat' dir='ltr'>ex</span> <span class='ocrx_word' id='word_1_156' title='bbox 212 1718 259 1759; x_wconf 82' lang='lat' dir='ltr'>iis</span> <span class='ocrx_word' id='word_1_157' title='bbox 282 1725 421 1775; x_wconf 79' lang='lat' dir='ltr'>patet,</span> <span class='ocrx_word' id='word_1_158' title='bbox 459 1717 611 1773; x_wconf 84' lang='lat' dir='ltr'>quibus</span> <span class='ocrx_word' id='word_1_159' title='bbox 633 1724 790 1772; x_wconf 82' lang='lat' dir='ltr'>quanto</span> <span class='ocrx_word' id='word_1_160' title='bbox 814 1715 855 1756; x_wconf 92' lang='lat' dir='ltr'>in</span> <span class='ocrx_word' id='word_1_161' title='bbox 879 1716 1012 1772; x_wconf 87' lang='lat' dir='ltr'>pretio</span> <span class='ocrx_word' id='word_1_162' title='bbox 1038 1718 1148 1773; x_wconf 87' lang='lat' dir='ltr'>apud</span> <span class='ocrx_word' id='word_1_163' title='bbox 1179 1719 1376 1760; x_wconf 85' lang='lat' dir='ltr'>eumdem</span> <span class='ocrx_word' id='word_1_164' title='bbox 1411 1719 1495 1761; x_wconf 89' lang='lat' dir='ltr'>Co-</span> 
     </span>
     <span class='ocr_line' id='line_1_22' title="bbox 142 1785 1449 1841; baseline 0.001 -11"><span class='ocrx_word' id='word_1_165' title='bbox 142 1788 289 1830; x_wconf 85' lang='lat' dir='ltr'>mitem</span> <span class='ocrx_word' id='word_1_166' title='bbox 313 1787 562 1830; x_wconf 81' lang='lat' dir='ltr'>Ambrosius</span> <span class='ocrx_word' id='word_1_167' title='bbox 588 1794 697 1828; x_wconf 85' lang='lat' dir='ltr'>esset</span> <span class='ocrx_word' id='word_1_168' title='bbox 716 1818 727 1834; x_wconf 88' lang='lat'><strong><em>,</em></strong></span> <span class='ocrx_word' id='word_1_169' title='bbox 752 1786 793 1827; x_wconf 92' lang='lat' dir='ltr'>in</span> <span class='ocrx_word' id='word_1_170' title='bbox 818 1785 943 1841; x_wconf 82' lang='lat' dir='ltr'>hujus</span> <span class='ocrx_word' id='word_1_171' title='bbox 966 1785 1057 1828; x_wconf 80' lang='lat' dir='ltr'>Vita</span> <span class='ocrx_word' id='word_1_172' title='bbox 1082 1795 1222 1828; x_wconf 82' lang='lat' dir='ltr'>narrat</span> <span class='ocrx_word' id='word_1_173' title='bbox 1239 1788 1449 1831; x_wconf 86' lang='lat' dir='ltr'>Paulinus.</span> 
     </span>
    </p>
   </div>
   <div class='ocr_carea' id='block_1_6' title="bbox 571 1916 1080 1973">
    <p class='ocr_par' dir='ltr' id='par_1_6' title="bbox 571 1916 1080 1973">
     <span class='ocr_line' id='line_1_23' title="bbox 571 1916 1080 1973; baseline -0.006 -12"><span class='ocrx_word' id='word_1_174' title='bbox 571 1932 815 1962; x_wconf 69' lang='lat' dir='ltr'><strong>ANNOTATIO</strong></span> <span class='ocrx_word' id='word_1_175' title='bbox 852 1916 941 1973; x_wconf 65' lang='lat'>(34)</span> <span class='ocrx_word' id='word_1_176' title='bbox 979 1916 1080 1959; x_wconf 84' lang='lat' dir='ltr'>ibid.</span> 
     </span>
    </p>
   </div>
   <div class='ocr_carea' id='block_1_7' title="bbox 148 2036 1510 2599">
    <p class='ocr_par' dir='ltr' id='par_1_7' title="bbox 148 2036 1510 2599">
     <span class='ocr_line' id='line_1_24' title="bbox 207 2036 1500 2095; baseline 0 -12"><span class='ocrx_word' id='word_1_177' title='bbox 207 2040 345 2083; x_wconf 69' lang='lat' dir='ltr'>Multae</span> <span class='ocrx_word' id='word_1_178' title='bbox 371 2039 484 2095; x_wconf 83' lang='lat' dir='ltr'>leges</span> <span class='ocrx_word' id='word_1_179' title='bbox 505 2052 597 2094; x_wconf 83' lang='lat' dir='ltr'>quae</span> <span class='ocrx_word' id='word_1_180' title='bbox 623 2038 674 2079; x_wconf 81' lang='lat' dir='ltr'>ad</span> <span class='ocrx_word' id='word_1_181' title='bbox 699 2036 962 2078; x_wconf 76' lang='lat' dir='ltr'>Silentiarios</span> <span class='ocrx_word' id='word_1_182' title='bbox 993 2036 1229 2094; x_wconf 71' lang='lat' dir='ltr'>pertinent,</span> <span class='ocrx_word' id='word_1_183' title='bbox 1269 2039 1310 2080; x_wconf 92' lang='lat' dir='ltr'>in</span> <span class='ocrx_word' id='word_1_184' title='bbox 1344 2039 1500 2084; x_wconf 89' lang='lat' dir='ltr'>Codice</span> 
     </span>
     <span class='ocr_line' id='line_1_25' title="bbox 148 2106 1503 2153; baseline -0.001 0"><span class='ocrx_word' id='word_1_185' title='bbox 148 2110 310 2153; x_wconf 85' lang='lat' dir='ltr'>Theod.</span> <span class='ocrx_word' id='word_1_186' title='bbox 333 2117 476 2151; x_wconf 84' lang='lat' dir='ltr'>extant</span> <span class='ocrx_word' id='word_1_187' title='bbox 493 2109 556 2150; x_wconf 81' lang='lat' dir='ltr'>tit.</span> <span class='ocrx_word' id='word_1_188' title='bbox 580 2108 631 2149; x_wconf 79' lang='lat' dir='ltr'>de</span> <span class='ocrx_word' id='word_1_189' title='bbox 651 2107 882 2149; x_wconf 77' lang='lat' dir='ltr'>Dec-urion.</span> <span class='ocrx_word' id='word_1_190' title='bbox 906 2117 944 2148; x_wconf 79' lang='lat' dir='ltr'>ot</span> <span class='ocrx_word' id='word_1_191' title='bbox 960 2106 1112 2148; x_wconf 70' lang='lat' dir='ltr'>Silene.</span> <span class='ocrx_word' id='word_1_192' title='bbox 1134 2108 1294 2150; x_wconf 82' lang='lat' dir='ltr'>Horum</span> <span class='ocrx_word' id='word_1_193' title='bbox 1317 2108 1503 2152; x_wconf 88' lang='lat' dir='ltr'>officium</span> 
     </span>
     <span class='ocr_line' id='line_1_26' title="bbox 152 2178 1502 2236; baseline 0 -14"><span class='ocrx_word' id='word_1_194' title='bbox 152 2189 266 2233; x_wconf 77' lang='lat' dir='ltr'>erat,</span> <span class='ocrx_word' id='word_1_195' title='bbox 291 2180 391 2221; x_wconf 89' lang='lat' dir='ltr'>dum</span> <span class='ocrx_word' id='word_1_196' title='bbox 419 2179 651 2236; x_wconf 83' lang='lat' dir='ltr'>imperator</span> <span class='ocrx_word' id='word_1_197' title='bbox 677 2179 718 2220; x_wconf 89' lang='lat' dir='ltr'>in</span> <span class='ocrx_word' id='word_1_198' title='bbox 743 2178 991 2220; x_wconf 85' lang='lat' dir='ltr'>consistorio</span> <span class='ocrx_word' id='word_1_199' title='bbox 1013 2187 1146 2227; x_wconf 83' lang='lat' dir='ltr'>esset,</span> <span class='ocrx_word' id='word_1_200' title='bbox 1185 2188 1257 2222; x_wconf 80' lang='lat' dir='ltr'>aut</span> <span class='ocrx_word' id='word_1_201' title='bbox 1288 2195 1385 2222; x_wconf 85' lang='lat' dir='ltr'>cum</span> <span class='ocrx_word' id='word_1_202' title='bbox 1419 2181 1502 2223; x_wconf 86' lang='lat' dir='ltr'>suis</span> 
     </span>
     <span class='ocr_line' id='line_1_27' title="bbox 153 2249 1504 2297; baseline 0 -3"><span class='ocrx_word' id='word_1_203' title='bbox 153 2251 357 2294; x_wconf 82' lang='lat' dir='ltr'>exterisve</span> <span class='ocrx_word' id='word_1_204' title='bbox 376 2250 599 2293; x_wconf 83' lang='lat' dir='ltr'>consilium</span> <span class='ocrx_word' id='word_1_205' title='bbox 631 2250 832 2297; x_wconf 80' lang='lat' dir='ltr'>haberet,</span> <span class='ocrx_word' id='word_1_206' title='bbox 870 2251 920 2291; x_wconf 86' lang='lat' dir='ltr'>ad</span> <span class='ocrx_word' id='word_1_207' title='bbox 942 2249 1052 2291; x_wconf 85' lang='lat' dir='ltr'>fores</span> <span class='ocrx_word' id='word_1_208' title='bbox 1079 2250 1300 2292; x_wconf 80' lang='lat' dir='ltr'>excubare.</span> <span class='ocrx_word' id='word_1_209' title='bbox 1340 2251 1421 2293; x_wconf 85' lang='lat' dir='ltr'>Sed</span> <span class='ocrx_word' id='word_1_210' title='bbox 1455 2267 1504 2294; x_wconf 83' lang='lat' dir='ltr'>ex</span> 
     </span>
     <span class='ocr_line' id='line_1_28' title="bbox 155 2320 1505 2378; baseline -0.001 -15"><span class='ocrx_word' id='word_1_211' title='bbox 155 2337 300 2363; x_wconf 85' lang='lat' dir='ltr'>eorum</span> <span class='ocrx_word' id='word_1_212' title='bbox 335 2321 477 2362; x_wconf 84' lang='lat' dir='ltr'>schola</span> <span class='ocrx_word' id='word_1_213' title='bbox 509 2335 815 2377; x_wconf 79' lang='lat' dir='ltr'>nonnunquam</span> <span class='ocrx_word' id='word_1_214' title='bbox 851 2320 1160 2374; x_wconf 73' lang='lat' dir='ltr'>deligebantur,</span> <span class='ocrx_word' id='word_1_215' title='bbox 1199 2320 1270 2376; x_wconf 91' lang='lat' dir='ltr'>qui</span> <span class='ocrx_word' id='word_1_216' title='bbox 1303 2321 1505 2378; x_wconf 84' lang='lat' dir='ltr'>principis</span> 
     </span>
     <span class='ocr_line' id='line_1_29' title="bbox 156 2391 1508 2448; baseline -0.001 -14"><span class='ocrx_word' id='word_1_217' title='bbox 156 2393 315 2434; x_wconf 69' lang='lat' dir='ltr'>ferrent</span> <span class='ocrx_word' id='word_1_218' title='bbox 338 2392 538 2448; x_wconf 77' lang='lat' dir='ltr'>imperata</span> <span class='ocrx_word' id='word_1_219' title='bbox 557 2424 568 2440; x_wconf 92' lang='lat'>‚</span> <span class='ocrx_word' id='word_1_220' title='bbox 594 2400 639 2433; x_wconf 89' lang='lat' dir='ltr'>ut</span> <span class='ocrx_word' id='word_1_221' title='bbox 662 2406 757 2432; x_wconf 88' lang='lat' dir='ltr'>cum</span> <span class='ocrx_word' id='word_1_222' title='bbox 781 2406 832 2432; x_wconf 83' lang='lat' dir='ltr'>ex</span> <span class='ocrx_word' id='word_1_223' title='bbox 850 2391 929 2432; x_wconf 85' lang='lat' dir='ltr'>boc</span> <span class='ocrx_word' id='word_1_224' title='bbox 953 2391 1047 2432; x_wconf 87' lang='lat' dir='ltr'>loco</span> <span class='ocrx_word' id='word_1_225' title='bbox 1067 2423 1077 2438; x_wconf 94' lang='lat'>‚</span> <span class='ocrx_word' id='word_1_226' title='bbox 1106 2399 1193 2432; x_wconf 88' lang='lat' dir='ltr'>tum</span> <span class='ocrx_word' id='word_1_227' title='bbox 1215 2407 1264 2432; x_wconf 87' lang='lat' dir='ltr'>ex</span> <span class='ocrx_word' id='word_1_228' title='bbox 1280 2392 1508 2433; x_wconf 84' lang='lat' dir='ltr'>Philostor-</span> 
     </span>
     <span class='ocr_line' id='line_1_30' title="bbox 159 2461 1510 2520; baseline 0.001 -17"><span class='ocrx_word' id='word_1_229' title='bbox 159 2463 213 2520; x_wconf 74' lang='lat' dir='ltr'>gii</span> <span class='ocrx_word' id='word_1_230' title='bbox 235 2463 306 2504; x_wconf 90' lang='lat' dir='ltr'>lib.</span> <span class='ocrx_word' id='word_1_231' title='bbox 335 2477 393 2503; x_wconf 80' lang='lat' dir='ltr'>vu</span> <span class='ocrx_word' id='word_1_232' title='bbox 410 2495 420 2510; x_wconf 94' lang='lat'>,</span> <span class='ocrx_word' id='word_1_233' title='bbox 445 2476 536 2519; x_wconf 83' lang='lat' dir='ltr'>cap.</span> <span class='ocrx_word' id='word_1_234' title='bbox 561 2478 583 2518; x_wconf 89' lang='lat'>7</span> <span class='ocrx_word' id='word_1_235' title='bbox 613 2475 867 2519; x_wconf 85' lang='lat' dir='ltr'>cognoscere</span> <span class='ocrx_word' id='word_1_236' title='bbox 884 2470 959 2504; x_wconf 88' lang='lat' dir='ltr'>est.</span> <span class='ocrx_word' id='word_1_237' title='bbox 991 2461 1053 2503; x_wconf 89' lang='lat' dir='ltr'>De</span> <span class='ocrx_word' id='word_1_238' title='bbox 1074 2462 1222 2505; x_wconf 85' lang='lat' dir='ltr'>iisdem</span> <span class='ocrx_word' id='word_1_239' title='bbox 1245 2463 1328 2519; x_wconf 82' lang='lat' dir='ltr'>agit</span> <span class='ocrx_word' id='word_1_240' title='bbox 1349 2463 1510 2505; x_wconf 85' lang='lat' dir='ltr'>Bulen-</span> 
     </span>
     <span class='ocr_line' id='line_1_31' title="bbox 160 2532 1104 2599; baseline -0.002 -22"><span class='ocrx_word' id='word_1_241' title='bbox 160 2549 283 2599; x_wconf 75' lang='lat' dir='ltr'>gerus</span> <span class='ocrx_word' id='word_1_242' title='bbox 300 2533 372 2586; x_wconf 79' lang='lat' dir='ltr'>lib.</span> <span class='ocrx_word' id='word_1_243' title='bbox 396 2549 443 2578; x_wconf 85' lang='lat'>111</span> <span class='ocrx_word' id='word_1_244' title='bbox 462 2533 514 2576; x_wconf 73' lang='lat' dir='ltr'>de</span> <span class='ocrx_word' id='word_1_245' title='bbox 529 2532 744 2591; x_wconf 77' lang='lat' dir='ltr'>Imperat.</span> <span class='ocrx_word' id='word_1_246' title='bbox 767 2533 892 2576; x_wconf 85' lang='lat' dir='ltr'>Rom.</span> <span class='ocrx_word' id='word_1_247' title='bbox 917 2547 1008 2591; x_wconf 82' lang='lat' dir='ltr'>cap.</span> <span class='ocrx_word' id='word_1_248' title='bbox 1041 2548 1104 2575; x_wconf 89' lang='lat'>10.</span> 
     </span>
    </p>
   </div>
  </div>
 </body>
</html>
