1774 3158
263 213 312 240 Dr,
347 211 517 239 EXCESSU
554 210 724 238 thTnts
758 211 820 238 sut
853 212 1020 245 SATYRt,
1056 213 1134 241 ΗΒ.
1174 214 1200 240 1.
1359 213 1411 256 20

69 289 287 332 »tudinem
306 290 519 336 dolorum3
546 296 590 329 ut
610 288 682 330 tibi
701 289 999 346 repropitietur
1016 290 1130 333 sortis
1146 324 1156 339 ‚
1175 299 1212 333 et
1230 291 1415 348 requiem

67 358 218 400 »saciat
241 359 313 400 tibi
336 358 571 400 Altissimus
594 359 854 414 requietione
873 360 1135 402 dolorum¹.»

124 428 259 471 LXX.
295 429 529 470 Cessabunt
553 428 677 485 igitur
707 430 927 485 laci²yn1ae3
960 432 1190 485 parendum
1218 440 1279 473 est
1303 432 1413 473 enim

67 499 264 541 remediis
304 499 582 547 salutaribus,
618 498 712 555 quia
750 499 877 559 debet
909 500 1064 555 aliquid
1099 500 1206 541 inter
1238 501 1342 543 fidos
1373 511 1415 543 et

69 568 250 626 persidos
278 569 490 610 interesse.
529 569 678 610 Fleant
709 583 808 625 ergo
842 569 912 624 qui
946 584 1062 625 spem
1092 571 1416 612 resurrectionis

69 639 225 681 habere
252 653 334 680 non
363 647 562 694 possunt,
589 654 714 695 quam
739 652 821 680 uon
846 639 1051 680 sententia
1072 638 1147 680 Dei
1170 639 1318 696 eripit,
1344 641 1417 681 sed

70 707 168 751 fidei
189 708 470 750 inclementia.
514 709 683 750 Intersit
717 708 826 749 inter
856 707 1010 750 Christi
1045 710 1255 756 servulos,
1291 707 1416 749 idolo-

70 794 244 836 rumque
267 781 479 827 cultores‚·
511 787 558 820 ut
583 779 640 821 illi
664 778 792 820 sseant
815 794 931 827 suos,
965 794 1068 835 quos
1100 779 1140 820 in
1165 788 1417 837 perpetuum

71 850 309 893 existimant
325 850 527 892 interiisse
545 864 554 891 τ
570 849 626 892 illi
641 851 773 892 nullas
788 850 970 892 habeant
983 853 1265 907 Iacrymarum
1279 851 1417 899 serias,

72 922 228 963 nullum
254 921 429 963 tristitiae
451 920 639 977 requiem
665 929 993 977 consequantur,
1010 921 1079 977 qui
1095 921 1252 962 nullam
1274 929 1422 978 putant

72 992 262 1048 requiem
279 1000 557 1032 mortuorum.
576 991 706 1033 Nobis
729 1006 826 1032 vcro
845 991 1122 1047 quibusmers
1140 1005 1223 1032 non
1246 998 1422 1038 natum,

72 1063 146 1103 sed
167 1061 261 1103 vitae
284 1061 401 1103 istius
420 1060 514 1102 finis
537 1069 622 1109 est3
647 1061 844 1117 quoniam
861 1061 901 1102 in
920 1060 1067 1102 melius
1093 1061 1177 1118 ipsa
1198 1069 1344 1103 natura
1363 1076 1428 1103 re·

72 1139 257 1189 paratur,
284 1131 406 1174 fletus
431 1147 574 1173 omnes
594 1145 712 1173 casus
735 1132 882 1172 mortis
908 1131 1131 1187 abstergat.

133 1201 286 1244 LXXI.
324 1201 446 1244 Certe
469 1201 499 1243 si
530 1201 586 1243 illi
611 1201 687 1242 sibi
712 1201 846 1257 aliqua
868 1201 1011 1242 solatia
1046 1209 1318 1258 repererunt,
1351 1200 1424 1257 qui

74 1269 200 1313 finem
218 1287 362 1313 sensus
380 1304 389 1319 ‚
412 1272 707 1327 defectumque
725 1279 882 1312 naturae
896 1279 1072 1312 mortem
1094 1271 1281 1312 arbitrati
1300 1280 1422 1318 sunt3

75 1349 232 1397 quanto
264 1341 394 1397 magis
428 1356 502 1382 nos
518 1374 527 1389 ,
565 1341 717 1396 quibus
741 1340 914 1382 meliora
936 1348 1031 1397 post
1052 1349 1230 1382 mortem
1256 1340 1425 1396 praemia

74 1411 282 1453 bonorum
299 1410 507 1452 sactorum
525 1411 782 1452 conscientia
798 1410 1047 1467 pollicetur.D
1068 1411 1234 1452 Habent
1251 1411 1425 1466 gentiles

77 1482 218 1524 solatia
242 1496 336 1530 sua,
359 1481 455 1537 quia
474 1480 661 1536 requiem
682 1482 892 1523 malorum
922 1482 1108 1523 omnium
1130 1489 1307 1523 mortem
1330 1481 1428 1522 exis·

75 1550 254 1593 timant:
283 1558 325 1592 et
350 1558 396 1591 ut
423 1550 515 1591 vitae
549 1549 690 1592 fructu
718 1559 894 1599 carent,
931 1551 986 1592 ita
1021 1551 1146 1593 etiam
1181 1550 1363 1593 caruisse
1385 1565 1427 1592 se

74 1630 224 1680 putant
247 1621 360 1663 omni
388 1636 512 1663 sensu
536 1630 576 1663 et
599 1620 742 1663 dolore
767 1637 987 1678 poenarum
1005 1655 1014 1670 ,
1047 1637 1149 1678 quas
1179 1621 1219 1662 in
1246 1621 1322 1663 hae
1348 1621 1427 1662 vita

77 1709 220 1751 graves
242 1702 284 1735 et
303 1693 486 1734 assiduas
506 1692 773 1734 sustinemus.
797 1692 880 1734 Nos
901 1708 996 1734 vero
1017 1700 1059 1733 ut
1079 1692 1304 1733 erectiores
1325 1707 1429 1749 pra:-

76 1764 176 1813 mio,
192 1763 248 1806 ita
265 1764 389 1805 etiam
411 1763 680 1820 patientiores
699 1763 843 1805 solatio
857 1778 945 1804 esse
966 1764 1192 1810 debemus;
1214 1778 1296 1804 non
1317 1763 1427 1804 enim

79 1833 234 1881 amitti,
259 1833 329 1875 set]
348 1833 545 1890 praemitti
564 1833 771 1882 videntur,
793 1849 895 1889 quos
913 1848 997 1874 non
1017 1841 1277 1890 assumptura
1296 1848 1421 1879 mors,

80 1904 152 1946 sed
176 1902 383 1945 aeternitas
408 1912 626 1959 receptura
651 1911 723 1944 est.

140 1973 313 2016 LXXII.
353 1973 587 2016 Cessabunt
616 1989 714 2030 ergo
738 1974 935 2030 lacryma}
969 1989 977 2015 :
1007 1982 1077 2015 aut
1099 1973 1131 2014 si
1154 1987 1314 2015 cessare
1344 1988 1427 2014 nou

80 2053 309 2103 poterunt,
335 2045 375 2086 in
407 2045 704 2087 communibus
732 2046 925 2088 lamentis
957 2045 1067 2086 sscbo
1104 2053 1167 2093 te,
1204 2044 1357 2092 frater,
1392 2052 1433 2085 ct

81 2117 158 2159 sub
183 2118 326 2159 dolore
350 2116 520 2173 publico
545 2117 797 2159 domesticos
819 2116 999 2173 gemitus
1023 2125 1173 2172 tegam.
1209 2115 1311 2157 Nam
1341 2130 1434 2156 ces-

81 2204 172 2231 sare
190 2188 260 2245 qui
297 2196 525 2246 poterunt,
564 2202 662 2230 cum
698 2189 748 2229 ad
777 2203 947 2229 omnem
980 2202 1130 2228 senum
1161 2186 1339 2228 nominis
1372 2186 1431 2228 tui

29 2297 32 2299 .
81 2260 279 2317 lacryma}
303 2259 557 2316 subrepant,
577 2260 643 2300 vel
662 2274 759 2300 cum
784 2274 881 2300 usus
900 2259 986 2315 ipse
1003 2257 1336 2300 recordationem
1361 2272 1436 2298 ωυ-

84 2329 204 2377 citat,
240 2330 306 2370 vel
342 2344 436 2370 cum
462 2328 636 2370 affectus
669 2329 893 2386 imaginem
931 2334 1225 2384 repraesentat,
1251 2328 1312 2367 vei
1338 2342 1433 2368 cuin

84 2399 320 2441 recordatio
340 2400 527 2441 dolorem
546 2399 747 2440 renovat?
767 2399 948 2450 Quando
967 2398 1077 2439 enim
1093 2399 1205 2443 dees,
1227 2398 1297 2453 qui
1315 2397 1435 2439 tantis

85 2470 233 2513 officiis
254 2470 596 2528 repraesentaris?
618 2470 727 2513 Ades
746 2503 756 2519 ,
785 2470 978 2526 inquam,
1003 2478 1043 2511 et
1067 2484 1233 2526 semper
1252 2468 1439 2511 offunde-

129 2563 289 2603 ¹4Esdr.
307 2574 339 2604 x,
353 2564 462 2600 ἰο-αἱ.
