1774 3158
290 262 295 267 ‘
356 271 371 296 1
389 270 433 296 ιο
907 269 940 297 s-
980 269 1169 297 Aunnosu

405 345 552 390 LXIV.
588 345 773 387 Locutus
810 360 902 387 sum
936 345 987 387 de
1018 361 1195 403 corpore
1225 355 1295 388 tuo
1316 380 1324 395 ,
1360 362 1472 389 nunc
1508 347 1695 403 alloquar

349 420 529 460 animam
547 425 661 458 tuam
686 415 852 473 dignam
872 416 1129 472 propheticis
1151 417 1422 459 ornamentis.
1445 418 1595 459 Iisdem
1617 418 1694 474 igi-

349 499 415 531 tur
434 496 526 529 utar
548 484 728 528 exordiis
751 500 790 525 :a
807 484 1011 535 Quaenam
1026 494 1087 526 est
1109 485 1196 526 haec
1217 486 1478 542 prospiciens
1503 487 1610 527 sicut
1627 486 1691 527 di-

350 560 569 602 »luculum
588 590 598 605 ‚
620 555 805 613 speciosa
827 564 871 595 ut
893 556 991 596 luna
1007 588 1017 603 ‚
1043 557 1175 597 electa
1202 565 1246 598 ut
1268 556 1407 597 sol'Pn
1423 556 1577 598 Videor
1594 557 1695 597 mihi

352 640 390 673 te
416 629 554 670 videre
580 626 832 681 fulgentem,
865 624 1006 664 videor
1029 625 1173 665 audire
1191 626 1399 667 dicentem
1423 642 1431 668 z
1453 626 1695 667 Diluculum

352 699 452 743 mihi
488 706 574 745 est,
606 704 736 753 pater.
769 693 890 736 «Nox
930 702 1093 735 terrena
1126 695 1362 751 praecessit,
1401 695 1488 738 dies
1518 696 1696 737 coelestis

351 763 769 827 »appropinquavit-².
798 782 813 802 n
832 763 1040 820 Prospicis
1069 778 1144 805 nos
1171 764 1324 820 igitur,
1358 773 1501 806 sancta
1527 764 1665 806 anima
1684 796 1694 812 ‚

351 843 402 883 de
436 842 530 882 loco
563 835 806 892 superiore,
842 842 1040 891 tanquam
1072 835 1267 877 inferiora
1290 836 1530 893 respiciens.
1567 835 1697 876 Existi

352 913 403 953 de
421 906 604 952 tenebris
627 904 744 947 istius
765 903 906 945 saeculi
922 937 932 953 ‚
955 913 996 946 et
1019 913 1064 945 ut
1080 905 1179 946 luna
1202 907 1461 962 resplendes,
1485 914 1529 947 ut
1549 906 1613 947 sol
1631 920 1698 946 re—

349 981 494 1037 fulges.
520 977 571 1018 Et
593 975 701 1017 bene
718 982 766 1015 ut
781 975 908 1021 luna;
932 974 1026 1031 quia
1045 982 1086 1015 et
1109 984 1203 1016 ante
1227 975 1268 1016 in
1293 976 1440 1017 umbra
1464 976 1563 1017 licet
1581 975 1698 1016 istius

352 1049 539 1108 corporis
574 1045 808 1102 refulgebas
827 1078 837 1093 ,
866 1053 906 1086 et
933 1053 1139 1086 terrarum
1171 1047 1365 1087 tenebras
1393 1046 1660 1088 illuminabas
1686 1060 1695 1086 t

351 1131 394 1164 et
411 1133 524 1162 nunc
536 1119 679 1159 lumen
701 1130 722 1156 a
742 1114 838 1156 Sole
862 1114 1030 1167 justitiae
1049 1123 1236 1157 mutuata
1256 1117 1414 1158 clarum
1433 1116 1543 1157 diem
1562 1117 1692 1158 (lucis.

348 1193 503 1235 Videre
524 1190 650 1247 igitur
672 1184 818 1227 videor
839 1193 879 1226 te
903 1193 1102 1242 tanquam
1126 1187 1176 1228 de
1200 1202 1377 1244 corpore
1405 1187 1696 1234 recedentem,

352 1273 393 1306 et
413 1262 579 1319 repulsa
613 1256 748 1300 noctis
771 1255 948 1313 caligine
972 1266 1213 1313 surgentem
1238 1259 1424 1300 diluculo
1443 1259 1551 1300 sicut
1569 1259 1697 1299 solem

351 1331 756 1391 appropinquantem
779 1325 896 1374 Deo,
928 1334 969 1367 et
999 1327 1145 1383 rapido
1179 1329 1318 1370 volatu
1348 1329 1456 1370 sicut
1488 1328 1668 1385 aquilam
1688 1361 1697 1376 ,

350 1418 442 1461 quae
465 1411 630 1443 terrena
661 1405 784 1443 sunt,
813 1395 1135 1452 relinquentem.

407 1470 534 1515 LXV.
583 1487 598 1507 «ι
619 1467 897 1513 Convertere,
921 1465 1131 1507 Solamitis
1152 1499 1161 1514 ,
1186 1476 1457 1516 convertere;
1481 1476 1523 1509 et
1543 1467 1700 1508 videbi-

351 1559 471 1587 »mus
496 1540 574 1584 te³.
597 1558 611 1578 ι)
627 1538 883 1580 Convertere
905 1538 955 1578 ad
973 1551 1063 1584 nos,
1084 1537 1284 1594 pacifica3
1311 1547 1357 1579 ut
1387 1539 1562 1595 gloriam
1583 1546 1698 1579 tuam

353 1614 566 1661 sororibus
582 1610 661 1652 tuis
679 1617 912 1656 monstres,
936 1617 978 1650 et
996 1608 1196 1665 incipiant
1209 1624 1251 1650 se
1269 1619 1348 1650 tuae
1370 1609 1519 1665 quietis
1541 1617 1582 1650 et
1604 1623 1698 1666 gra-

352 1690 418 1731 tiae
441 1681 665 1727 securitate
688 1679 824 1720 solari.
847 1679 988 1720 Semel
1009 1687 1173 1720 tantum
1199 1679 1249 1720 ad
1266 1694 1340 1720 nos
1365 1688 1634 1727 convertere,
1655 1687 1700 1720 ut

351 1769 391 1801 te
411 1757 623 1798 videamus
643 1781 654 1799 ,
684 1757 726 1791 et
754 1763 896 1789 rursus
927 1758 1195 1796 convertere,
1221 1757 1344 1804 atque
1369 1749 1420 1790 ad
1442 1749 1698 1790 Hierusalem
1728 1784 1735 1789 „

351 1830 463 1873 illam
497 1824 708 1867 civitatem
739 1827 980 1860 sanctorum
1015 1827 1098 1860 tota
1137 1819 1370 1860 intensione
1406 1818 1566 1860 festina.
1614 1818 1699 1860 Aut

351 1909 464 1945 corle
483 1895 579 1953 quia
601 1893 653 1934 ad
672 1889 852 1932 animam
869 1888 980 1945 piam
1007 1888 1195 1929 Christus
1214 1888 1293 1930 hoc
1310 1889 1433 1937 dicit,
1451 1889 1570 1945 jubet
1587 1889 1698 1930 illam

350 1971 562 2031 paulisper
586 1961 802 2008 converti3
835 1968 879 2000 ut
908 1959 1028 2001 nobis
1052 1960 1180 2016 gloria
1205 1960 1295 2015 ejus
1318 1969 1541 2016 appareat,
1567 1968 1607 2001 et
1629 1975 1698 2001 re-

350 2042 465 2099 quies
483 2041 620 2080 l'utura
646 2047 743 2074 cum
761 2030 915 2072 sanctis
941 2045 950 2070 ι
976 2039 1017 2071 et
1038 2039 1176 2086 postea
1200 2030 1390 2087 praecipit
1410 2045 1502 2071 eam
1524 2031 1574 2071 ad
1597 2031 1698 2072 illud

351 2121 578 2168 supernum
601 2109 842 2145 sanctorum
867 2099 1061 2140 festinare
1085 2100 1357 2141 consortium.

407 2179 552 2224 LXXI.
603 2173 739 2226 «Quid
772 2171 962 2213 videbitis
986 2204 996 2219 ,
1029 2172 1186 2227 inquit,
1224 2172 1264 2213 in
1302 2171 1573 2219 Sulamitide,
1603 2186 1696 2228 quae

348 2278 364 2300 n
381 2254 491 2299 venit
513 2252 619 2292 sicut
641 2245 758 2288 chori
783 2251 1014 2284 castrorum
1030 2242 1041 2261 ‘⁴
1058 2242 1074 2282 ‘9
1090 2243 1196 2283 »hoc
1220 2252 1308 2290 est,
1335 2243 1374 2284 in
1402 2259 1449 2284 ea
1473 2258 1562 2299 quae
1585 2243 1696 2283 [nul-

348 2338 438 2370 tum
461 2333 501 2365 et
520 2320 715 2362 adversus
737 2313 939 2371 plurImos
959 2312 1004 2370 in
1027 2327 1205 2369 corpore
1227 2314 1409 2369 praeliata
1427 2321 1502 2354 est.
1528 2311 1694 2354 Etenim

347 2395 546 2458 pugnavit
581 2391 776 2431 adversus
808 2393 1024 2425 extraneos
1057 2384 1222 2431 hostes,
1265 2384 1464 2440 pugnavit
1499 2383 1695 2425 adversus

345 2468 527 2514 lubricas
554 2460 692 2505 saeculi
717 2457 969 2500 mutationes
989 2488 999 2503 ,
1042 2456 1239 2511 pugnavit
1275 2456 1471 2495 adversus
1505 2453 1692 2510 corporis

345 2538 612 2598 fragilitates,
639 2531 833 2574 adversus
858 2525 1108 2582 multiplices
1132 2525 1353 2582 passiones.
1383 2525 1553 2566 Audivit
1573 2538 1591 2564 a
1611 2524 1694 2564 Do-

394 2629 402 2644 ι
423 2618 517 2651 Cant,
547 2627 591 2654 w,
616 2625 647 2656 9.
661 2632 701 2637 --
718 2622 729 2636 ²
749 2613 844 2643 Rom.
860 2620 1000 2648 x111‚12.
1020 2627 1058 2631 —-
1077 2610 1089 2632 3
1108 2608 1200 2639 Cant.
1219 2619 1261 2643 w,
1282 2619 1326 2638 12.
1345 2625 1384 2630 —--
1403 2609 1411 2629 δ’
1430 2605 1479 2637 ld.
1498 2617 1528 2647 7.
1550 2617 1574 2638 r.
