1774 3158
457 235 741 265 prs'rounum
774 236 794 264 c
804 236 931 264 LASSIS
963 238 988 264 1.
1339 244 1352 271 1
1363 228 1416 285 95

77 315 171 371 quia
195 315 321 356 debes
355 314 510 367 adesse.
534 314 626 357 Non
652 328 750 377 ergo
775 321 814 354 te
836 315 966 373 magis
999 330 1139 357 meum
1167 319 1418 373 promissum

66 383 258 436 tenebit,
284 397 408 439 quam
432 391 551 424 tuum
570 383 828 430 institutum,
856 383 926 438 qui
951 383 992 424 id
1010 384 1049 424 in
1071 386 1253 429 animum
1273 388 1422 432 indue-

67 452 154 510 ris,
179 461 225 493 ut
247 453 359 508 quod
387 460 551 508 oportet
574 450 711 494 faeias.
735 452 928 494 Advertis
947 452 1087 508 itaque
1110 455 1203 510 quia
1231 472 1315 498 non
1338 466 1422 501 tam
1477 446 1481 449 ι

68 521 268 578 ‚promissi
295 522 450 568 audax,
474 534 600 576 quam
621 521 680 562 tui
705 521 897 562 conscius
925 521 1041 563 fratri
1066 527 1288 580 spopondi.
1321 527 1423 571 Veni

80 589 229 646 igitur,
253 604 305 631 ne
323 591 426 631 duos
449 591 685 630 sacerdotes
709 590 935 646 redarguas
958 606 966 631 :
1001 599 1064 640 te,
1090 593 1160 648 qui
1186 609 1269 636 non
1295 597 1425 640 affue-

66 660 158 719 *ris3
185 668 226 700 et
247 673 339 707 me,
363 659 432 714 qui
457 668 539 700 tam
564 659 684 700 facile
707 660 989 716 promiserim.

139 730 209 770 ΙΙΙ.
246 729 433 772 Natalem
457 737 594 770 autem
617 737 735 770 tuum
759 744 1070 785 prosequemur
1093 733 1243 775 nostris
1273 737 1431 778 oratio-

82 799 205 841 nibus
221 830 230 846 ‚
251 807 291 840 et
313 807 357 839 tu
380 798 510 839 nostri
532 798 573 838 in
592 797 672 838 tuis
692 798 794 839 votis
819 814 901 839 non
927 800 1199 844 obliviscaris.
1215 804 1272 845 Te
1288 814 1430 846 noster

84 868 251 925 spiritus
283 866 553 908 comitabitur
583 883 591 906 ;
617 874 663 907 tu
686 882 853 922 qnoque
878 882 974 909 cum
1011 869 1254 925 ingredieris
1276 879 1428 914 secun-

86 937 185 978 dum
224 937 567 984 tabernaculum,
597 929 711 992 quod
749 936 905 978 dicitur
948 937 1101 980 Sancta
1138 942 1438 990 sanctorum¹;

85 1006 209 1048 facito
237 1014 377 1047 nostro
402 1020 541 1053 more,
573 1014 619 1046 ut
648 1020 723 1046 nos
750 1020 917 1061 quoque
940 1015 1079 1050 tecum
1110 1009 1296 1052 inducas.
1327 1012 1433 1054 Cum

87 1076 232 1132 spiritu
258 1076 397 1117 adoles
424 1089 595 1115 aureum
620 1074 722 1115 illud
749 1074 1134 1130 thymiamaterium
1151 1111 1160 1127 ‚
1186 1095 1260 1120 nos
1289 1095 1341 1121 ne
1369 1081 1435 1122 in-

88 1145 334 1193 termiseris3
355 1144 490 1200 ipsum
513 1152 574 1185 est
595 1143 706 1184 enim
737 1145 849 1198 quod
878 1144 918 1189 in
945 1147 1130 1187 secundo
1166 1148 1436 1192 tabernaculo
1474 1190 1478 1195 ,

89 1223 176 1262 est,
202 1215 253 1256 de
274 1229 357 1270 quo
379 1212 730 1271 plenasapientiae
753 1213 888 1254 oratio
911 1222 979 1255 tua
1003 1215 1111 1257 sicut
1136 1215 1356 1261 incensum
1379 1221 1437 1262 di-

90 1284 238 1340 rigitur
251 1285 302 1325 ad
319 1284 516 1326 coelestia.
988 1318 992 1321 .

149 1352 217 1396 IV.
255 1353 317 1394 Ibi
349 1367 443 1394 arca
472 1353 728 1394 Testamenti
750 1354 934 1408 undique
980 1369 1080 1394 auro
1115 1362 1223 1395 tecta
1257 1356 1371 1411 (72),
1396 1357 1440 1399 id

91 1429 176 1470 est,
203 1421 393 1462 doctrina
423 1421 606 1469 Christi,
629 1422 820 1463 doctrina
844 1421 1056 1478 sapientiae
1080 1423 1167 1463 Dei.
1193 1423 1257 1464 lbi
1280 1426 1439 1467 dolium

95 1505 267 1537 aureum
303 1490 462 1531 habens
488 1505 667 1538 manna3
703 1492 1019 1546 receptaculum
1053 1491 1216 1532 scilicet
1245 1493 1440 1548 spiritalis

68 1576 81 1603 t
97 1559 322 1608 alimoniae,
347 1568 388 1601 et
411 1549 918 1617 divium-promptuarium
953 1560 1215 1616 cognitionis.
1240 1562 1303 1603 Ibi
1328 1563 1438 1620 virga

94 1632 234 1673 Aaron
264 1631 423 1686 insigne
455 1630 721 1672 sacerdotalis
753 1631 906 1686 gratiae.
944 1630 1123 1671 Aruerat
1152 1639 1272 1680 ante,
1307 1633 1379 1673 sed
1407 1635 1447 1674 in

98 1700 265 1742 Christo
286 1699 488 1741 refloruit.
512 1700 574 1740 Ibi
591 1699 821 1740 Cherubim
839 1714 964 1755 super
984 1700 1145 1740 tabulas
1163 1696 1448 1751 Testamenti,

98 1768 291 1810 lectionis
317 1767 500 1824 cognitio
529 1783 669 1809 sacrae.
702 1768 764 1808 lbi
792 1768 1128 1824 propitiatorium
1148 1801 1157 1815 ,
1184 1784 1309 1825 supra
1337 1773 1450 1826 quod

100 1837 142 1879 in
165 1837 340 1880 excelsis
352 1837 464 1878 Deus
488 1835 676 1878 Verbum
695 1845 777 1885 est,
800 1836 935 1892 imago
960 1837 1178 1887 invisibilis
1198 1838 1273 1879 Dei
1288 1838 1321 1887 ²,
1338 1842 1451 1895 quod

102 1907 176 1950 tibi
210 1907 312 1949 dicit
342 1921 352 1947 ε
382 1924 396 1945 α
415 1906 581 1962 Loquar
616 1915 754 1947 tecum
784 1906 835 1947 de
869 1918 994 1962 super
1023 1906 1366 1962 propitiatorium
1398 1910 1449 1950 de

103 1997 118 2018 n
133 1977 271 2019 medio
290 1977 468 2019 duorum
484 1975 785 2024 Cherubii11³;»
800 1976 858 2017 sic
875 1976 986 2017 enim
1005 1977 1191 2032 loquitur
1207 1978 1448 2027 nobiscum,

103 2057 150 2090 ut
176 2063 251 2090 nos
275 2047 365 2104 ejus
394 2032 630 2088 sermonem
660 2045 942 2102 intelligamus
966 2061 974 2086 :
1000 2047 1063 2087 vel
1086 2046 1184 2101 quia
1213 2062 1297 2088 non
1330 2063 1456 2103 mun-

106 2120 211 2169 dana
227 2152 238 2166 ,
261 2118 334 2159 sed
364 2115 640 2172 intelligibilia
678 2114 886 2170 loquitur,
913 2114 1021 2156 sicut
1044 2115 1099 2156 ait
1119 2130 1128 2155 :
1155 2134 1169 2153 «
1193 2115 1390 2173 Aperiam
1413 2119 1453 2160 in

108 2186 346 2244 »parabolis
377 2201 422 2228 os
454 2185 637 2227 meum'fi
667 2183 776 2225 »L‘bi
802 2183 914 2224 enim
947 2183 1166 2231 Christus,
1201 2184 1260 2225 ibi
1290 2187 1453 2234 omnia,

109 2257 164 2298 ibi
190 2256 380 2298 doctrina
403 2255 493 2311 ejus
511 2287 521 2302 ‚
544 2254 600 2295 ibi
617 2260 892 2310 peccatorum
914 2251 1126 2300 remissio,
1150 2251 1207 2292 ibi
1225 2255 1356 2308 gratia
1371 2287 1382 2306 ,
1402 2256 1461 2297 ibi

109 2325 315 2382 separatio
337 2332 607 2366 mortuorum
633 2336 679 2363 ac
702 2320 943 2362 viventium.
1059 2363 1061 2366 ,

173 2394 216 2437 V.
254 2394 307 2435 Et
328 2393 472 2435 Aaron
493 2392 664 2448 quidem
690 2390 820 2433 semel
842 2389 954 2431 stetit
972 2388 1012 2429 in
1036 2389 1176 2430 medio
1196 2404 1366 2440 eorum,
1386 2393 1464 2434 ob-

159 2503 166 2518 ·
189 2493 293 2526 Exod.
320 2505 406 2530 xxvt.
437 2494 491 2533 55,
520 2498 551 2525 et
569 2502 658 2535 seqq.
685 2509 725 2515 -
761 2500 773 2515 ²
792 2489 912 2522 Coloss.
933 2500 955 2524 ι.
974 2489 1024 2521 15.
1041 2506 1081 2512 —
1099 2489 1112 2510 ³
1131 2487 1238 2535 Exod.
1257 2499 1328 2525 xxv.
1354 2502 1404 2524 22.
1429 2509 1468 2517 —-

116 2552 130 2578 ⁴
142 2549 228 2583 Psal.
240 2558 358 2583 Lxxvn,
376 2559 404 2580 2.

1253 2597 1315 2639 13.
