1774 3158
247 239 328 280 280
799 253 830 280 s.
873 252 1063 280 ammom

241 331 478 374 Gothorum
503 330 701 378 catervis,
728 345 992 388 nequaquam
1030 340 1168 373 tamen
1191 339 1422 387 potuerunt
1444 331 1594 373 barba-

242 403 328 443 rica
351 410 572 458 penetrare
595 402 676 443 tela
694 434 703 449 ‚
729 417 969 459 expugnare
991 403 1221 443 multarum
1253 402 1443 457 gentium
1471 402 1593 444 belli-

241 488 313 514 cus
332 471 481 513 furor?
502 471 695 527 Denique
714 472 754 513 in
782 474 942 514 caeter-is
964 474 1232 530 populatores
1250 473 1353 515 locis
1370 506 1381 522 ,
1401 472 1486 515 illic
1519 487 1596 529 pa-

242 557 334 585 cem
355 542 583 598 rogabant;
607 542 943 599 mirantibusque
967 543 1067 598 quid
1104 543 1182 584 sibi
1219 544 1308 585 sine
1330 543 1462 585 milite
1503 543 1590 584 ullo

243 613 488 662 obsisteret,
508 628 527 653 a
550 613 895 669 prudentioribus
921 613 1192 654 intimabatur
1213 612 1339 654 Elisei
1363 613 1473 654 intus
1507 612 1596 654 imi-

240 692 421 725 tatorem
440 683 591 739 degere
608 717 618 731 ‚
642 691 763 725 aetate
786 699 1009 740 supparem
1027 718 1036 731 ‚
1060 698 1144 725 non
1181 683 1386 740 imparem
1409 683 1557 741 spiritu
1583 697 1592 723 ε

240 763 436 796 caverent
462 768 517 795 ne
539 756 733 811 exemplo
757 754 921 811 Syriaci
945 754 1122 811 agminis
1140 754 1217 796 sibi
1239 769 1407 811 quoque
1429 753 1595 796 caecitas

240 823 564 867 offunderetur¹.

297 895 365 937 Vl.
406 896 458 937 Et
480 904 621 937 tamen
639 895 751 937 circa
774 895 1002 953 discipulos
1021 910 1116 937 suos
1136 897 1296 938 diversa
1312 897 1420 938 dona
1441 895 1597 938 Christi

243 974 352 1007 sunt.
391 965 553 1007 Eliseus
571 965 740 1021 quidem
764 965 806 1006 in
829 965 1060 1008 Samariam
1084 967 1265 1023 captivas
1292 967 1401 1008 acies
1433 966 1597 1008 induxit

236 1034 464 1091 Syrorum,
485 1043 655 1076 sanctus
680 1044 819 1077 autem
844 1035 1045 1077 Acholius
1073 1037 1270 1093 precibus
1292 1037 1376 1078 suis
1399 1037 1524 1086 fecit,
1551 1045 1598 1078 ut

241 1106 291 1145 de
313 1105 503 1161 partibus
533 1105 790 1147 Macedoniae
820 1106 1000 1148 victores
1041 1106 1219 1163 fugaret.
1257 1107 1406 1149 Nonne
1433 1116 1476 1149 et
1511 1107 1596 1150 hoc

239 1174 510 1231 intelligimus
533 1175 698 1216 virtutis
724 1177 950 1232 superioris
975 1176 1122 1224 suisse;
1154 1185 1199 1219 ut
1220 1177 1291 1219 ubi
1316 1177 1435 1219 miles
1453 1177 1592 1220 nullus

244 1245 412 1293 aderat,
438 1245 520 1287 illie
538 1247 799 1302 pellerentur
822 1246 909 1287 sine
934 1247 1097 1288 milite?
1119 1247 1266 1290 Nonne
1283 1256 1324 1288 et
1341 1247 1421 1289 hoe
1439 1247 1600 1289 caecita-

240 1316 291 1357 tis
310 1325 396 1365 est,
423 1325 470 1358 ut
487 1316 705 1373 fugerent,
735 1331 838 1373 quos
863 1319 1001 1359 nullus
1017 1318 1225 1374 urgebat?
1253 1318 1336 1360 Sed
1357 1318 1533 1374 urgebat
1558 1327 1599 1360 et

240 1386 511 1442 praeliabatur
525 1394 695 1428 sanetus
713 1386 916 1429 Acholius
932 1402 1016 1429 non
1027 1388 1175 1444 gladiis
1190 1421 1202 1438 ,
1223 1390 1296 1430 sed
1318 1387 1595 1431 orationibus:

242 1471 329 1498 non
351 1456 443 1499 telis
459 1489 471 1507 ‚
492 1459 565 1499 sed
580 1457 752 1501 meritis.

305 1527 389 1569 VII.
427 1527 492 1569 An
514 1528 777 1585 incognitum
802 1529 924 1572 nobis
945 1538 1008 1572 est
1030 1529 1231 1571 dimicare
1254 1537 1419 1570 sanctos
1434 1562 1444 1577 ,
1470 1529 1596 1571 etiam

241 1611 340 1639 cum
368 1597 600 1639 feriantur?
624 1598 772 1641 Nonne
794 1600 951 1641 otiosus
968 1608 1058 1641 erat
1085 1599 1276 1641 Eliseus?
1299 1598 1467 1641 Otiosus
1485 1599 1600 1641 seili-

244 1677 312 1710 cet
333 1684 540 1726 corpore3
567 1671 640 1711 sed
671 1670 865 1712 vibrabat
890 1671 1061 1727 spiritu,
1092 1678 1133 1712 et
1155 1670 1416 1711 orationibus
1442 1671 1600 1726 praelia-

243 1739 393 1786 batur,
421 1740 591 1795 quando
618 1740 659 1781 in
682 1741 828 1782 castris
849 1741 981 1797 Syriae
997 1755 1077 1782 vox
1095 1740 1285 1796 equitum
1307 1749 1349 1782 et
1369 1755 1447 1781 vox
1464 1740 1598 1782 virtu-

243 1810 293 1851 tis
329 1825 490 1867 magnae
530 1811 783 1853 audiebatur
819 1828 827 1854 :
867 1814 971 1854 adeo
1014 1821 1061 1854 ut
1083 1819 1282 1869 putarent
1305 1810 1399 1868 Syri
1423 1811 1599 1854 aliorum

241 1895 387 1936 regum
426 1882 623 1922 adversus
664 1897 706 1923 se
740 1882 882 1924 venire
907 1883 1136 1932 exereitus,
1176 1883 1246 1939 qui
1289 1883 1444 1939 populo
1471 1882 1599 1925 Israel

243 1951 491 2006 adjumento
513 1952 675 2000 forent3
696 1953 810 1994 unde
827 1953 1011 2010 perculsi
1034 1967 1186 2011 magno
1203 1952 1404 2009 fugerunt
1423 1966 1595 2009 pavore,

240 2021 294 2063 ita
315 2029 359 2062 ut
382 2022 536 2078 leprosi
557 2031 741 2078 quatuor
758 2055 766 2070 ‚
797 2023 868 2079 qui
896 2023 1044 2064 mortis
1068 2023 1221 2080 egressi
1248 2021 1416 2063 fuerant
1433 2022 1598 2063 deside-

239 2092 327 2141 rio,
353 2101 487 2134 castra
512 2093 696 2134 hostium
716 2095 1074 2150 depraedarentur.
1103 2093 1251 2136 Nonne
1278 2093 1318 2134 in
1351 2093 1597 2135 Macedonia

239 2162 387 2203 similia
414 2163 620 2203 Dominus
642 2178 718 2219 per
745 2164 955 2205 orationes
980 2163 1114 2205 saneti
1145 2162 1312 2204 Acholii
1334 2161 1434 2204 fecit
1455 2162 1560 2203 mira
1582 2196 1593 2211 ,

239 2239 310 2273 aut
331 2247 462 2288 prope
485 2231 677 2288 majora?
709 2232 802 2274 Non
826 2233 938 2274 enim
963 2233 1075 2274 inani
1098 2241 1215 2274 metu
1233 2264 1242 2279 ,
1274 2246 1352 2272 nec
1383 2231 1596 2288 superflua

237 2302 474 2359 suspicione
491 2336 501 2351 ,
521 2304 595 2345 sed
617 2303 812 2345 saeviente
835 2304 904 2345 lue
919 2337 927 2352 ,
969 2312 1010 2345 et
1035 2303 1198 2345 ardenti
1234 2302 1474 2359 pestilentia
1497 2317 1596 2359 per-

237 2374 395 2416 turbati
421 2374 548 2415 Gothi
584 2389 629 2416 ac
659 2376 793 2417 territi
818 2384 927 2418 sunt.
953 2375 1147 2431 Denique
1175 2384 1276 2417 tunc
1301 2373 1525 2430 fugerunt,
1549 2383 1598 2416 ut:

236 2446 462 2487 evaderent
484 2460 492 2486 ε
512 2446 689 2501 regressi
709 2454 850 2503 postea
870 2462 1017 2504 pacem
1034 2454 1308 2504 rogaverunt,
1333 2445 1589 2487 utviverent.

294 2515 402 2557 VIII.
443 2514 637 2558 Vidimus
656 2516 799 2574 itaque
817 2518 858 2560 in
879 2517 983 2561 tanti
1000 2517 1076 2560 viri
1096 2516 1256 2559 meritis
1279 2515 1493 2573 superiora
1518 2530 1595 2558 sae-

284 2616 293 2631 ¹
311 2609 330 2646 4
350 2609 429 2651 Reg.
448 2618 506 2648 vn,
528 2620 556 2649 1,
572 2614 603 2642 et
618 2619 708 2652 seqq.
