1774 3158
514 249 797 280 aris‘rorannm
830 249 985 279 cnssm
1021 251 1048 280 1.
1382 241 1403 281 3
1414 241 1462 281 33

118 334 181 368 est
202 326 305 369 illud
331 326 445 383 quod
473 326 524 369 de
546 327 727 370 Domino
760 327 857 369 Jesu
890 327 1027 370 David
1048 327 1253 386 propheta
1285 329 1465 378 cecinit,

119 397 214 454 quia
240 415 255 436 α
271 397 424 440 Factus
447 405 510 439 est
530 397 571 439 in
594 413 696 455 pace
718 398 837 440 locus
866 397 979 454 ejus,
999 418 1014 437 »
1040 407 1081 441 et
1101 414 1110 441 :
1140 417 1155 438 α
1173 400 1234 441 Ibi
1264 400 1469 456 confregit

119 481 306 509 »cornua
326 481 500 508 arcuum
516 499 526 515 ‚
551 476 715 509 scutum
733 500 742 514 ‚
762 467 971 523 gladium,
1005 476 1046 509 et
1075 468 1275 511 bellum¹.
1299 488 1313 508 n
1339 469 1469 525 Cujus

119 536 230 578 enim
250 536 330 579 hoc
353 551 531 585 munus,
558 537 680 593 cujus
704 551 832 593 opus,
858 537 936 578 nisi
960 546 1103 585 tuum,
1129 538 1314 580 Domine
1333 537 1472 579 Jesu?

119 607 299 650 Videbas
330 608 602 663 adtemplum
627 616 744 649 tuum
773 615 951 649 armatos
979 607 1153 649 venire:
1183 608 1280 650 hinc
1303 623 1470 665 gemere

119 678 321 734 populum
339 709 349 725 ,
368 686 409 718 et
426 677 687 733 frequentem
707 678 849 718 adesse
866 708 877 725 ,
900 692 952 718 ne
969 677 1183 718 basilicam
1208 677 1293 719 Dei'
1306 678 1470 719 tradere

119 748 359 789 videretur:
390 747 486 787 inde
508 748 589 788 vim
615 747 815 788 militibus
834 747 1045 803 imperari.
1080 747 1189 789 Mors
1214 756 1309 789 ante
1327 748 1469 789 oculos

119 817 245 866 mihi;
271 831 323 857 ne
344 810 456 872 quicP'
465 823 573 857 inter
600 815 689 857 haec
713 816 839 856 furori
861 817 1007 858 liceret
1029 832 1037 857 ε
1070 817 1279 858 inseruisti
1303 826 1365 864 te,
1390 817 1474 857 Do-

120 886 258 934 mine,
288 886 474 927 medium
495 918 504 933 ‚
527 895 568 927 et
606 886 740 928 fecisti
765 895 940 943 utraque
961 886 1134 929 unmu’.
1166 888 1471 944 Compescuisti

122 963 303 998 armatos
319 989 328 1003 ,
364 956 507 997 dicens
532 956 723 1012 profecto
747 971 755 997 t
785 957 826 998 Si
850 958 900 998 ad
925 972 1038 999 arma
1062 958 1352 1006 concurritur,
1379 957 1473 999 siin

122 1028 279 1082 templo
317 1042 410 1068 meo
447 1028 576 1068 clausi
612 1036 957 1074 commoventur,
975 1046 989 1065 (ι
1008 1028 1111 1078 Quae
1132 1029 1286 1070 utilitas
1314 1028 1353 1069 in
1378 1043 1475 1069 san-

122 1114 137 1134 »
153 1096 275 1152 guine
298 1096 448 1138 meo³P
469 1097 662 1139 »Gratias
684 1097 822 1153 itaque
847 1097 944 1146 tibi,
966 1097 1144 1139 Christe.
1175 1098 1266 1140 Non
1289 1100 1447 1155 legatus
1464 1132 1473 1146 ‚

122 1180 259 1221 neque
282 1167 471 1214 nuntius,
487 1184 501 1204 ι
520 1166 602 1207 Sed
618 1174 660 1207 tu
680 1199 690 1214 ,
715 1167 916 1215 Domine,
941 1169 1101 1209 salvum
1124 1166 1254 1208 fecisti
1276 1170 1477 1225 populum

121 1255 138 1274 n
154 1245 272 1277 tuum
296 1251 305 1277 ε
332 1236 572 1278 conscidisti
596 1251 766 1278 saccum
793 1251 933 1277 meum
950 1268 961 1285 ,
988 1245 1029 1278 et
1051 1237 1304 1293 praeeinxisti
1326 1252 1391 1278 me
1412 1238 1476 1278 lae-

122 1325 138 1344 »
155 1305 241 1347 titia
259 1305 290 1347 ¹⁸.
312 1324 328 1344 »

181 1375 324 1419 XXII.
360 1376 457 1418 Haec
476 1391 551 1433 ego
570 1376 759 1418 dicebam
778 1409 787 1424 ,
808 1376 980 1418 miratus
999 1377 1264 1434 imperatoris
1290 1377 1474 1419 animum

126 1446 264 1488 studio
295 1446 504 1494 militum,
537 1446 828 1488 obsecratione
864 1447 1094 1494 comitum,
1128 1456 1302 1503 precatu
1337 1449 1479 1504 populi

125 1531 247 1573 posse
277 1516 513 1558 mitescere.
532 1517 696 1557 Interea
714 1516 930 1557 nuntiatur
944 1516 1046 1557 mihi
1060 1516 1229 1557 missum
1250 1518 1478 1582 nglfllitfflh

128 1587 197 1642 qu'i
224 1589 418 1629 mandata
452 1587 784 1642 deferret(122).
814 1587 1010 1645 Concessi
1044 1587 1283 1642 paululum,
1310 1589 1482 1630 manda-

128 1665 216 1697 tum
242 1657 417 1698 intimat.
460 1657 573 1708 Quid
596 1657 668 1698 tibi
692 1657 824 1697 visum
862 1664 947 1703 est,
976 1656 1132 1712 iuquit,
1160 1665 1367 1698 utcontra
1391 1659 1482 1714 pla-

129 1729 259 1769 citum
282 1727 706 1783 faceresPRespondi:
723 1727 847 1777 Quod
861 1726 1062 1782 placitum
1078 1727 1130 1768 sit
1148 1727 1310 1784 ignoro,
1328 1729 1480 1784 quidve

129 1805 287 1838 temere
320 1797 475 1838 sactum
516 1797 706 1846 dicatur,
731 1797 940 1837 incertum
968 1796 1117 1838 habeo.
1145 1796 1241 1838 Ait:
1263 1797 1348 1839 Cur
1365 1814 1483 1855 pres-

130 1866 300 1923 byteros
321 1867 372 1908 ad
388 1865 604 1907 basilicam
623 1865 861 1907 destinasti?
880 1864 922 1906 Si
937 1872 1140 1921 QFQPEUS
1162 1880 1222 1912 es,
1237 1866 1345 1908 scire
1367 1868 1478 1917 volo3
1531 1894 1556 1905 ν,

130 1944 176 1976 ut
199 1935 325 1976 sciam
355 1935 711 1991 quemadmodum
732 1950 797 1975 me
823 1935 1041 1975 adversum
1064 1942 1105 1976 te
1127 1950 1372 1992 praeparem.
1399 1936 1484 1979 Re-

132 2004 207 2046 tuli
233 2005 374 2045 diceus
408 2019 476 2045 me
499 2004 601 2046 nihil
624 2004 664 2045 in
690 2004 980 2061 praejudicium
1009 2004 1154 2046 fecisse
1176 2005 1372 2047 Ecclesiae
1399 2021 1408 2047 ε
1434 2021 1485 2048 eo

133 2083 321 2131 tempore
341 2088 423 2130 quo
448 2074 660 2115 audieram
688 2082 936 2130 occupatam
955 2088 1043 2115 esse
1068 2089 1089 2115 a
1115 2074 1320 2116 militibus
1343 2075 1485 2116 basili-

133 2159 224 2186 cam
243 2177 252 2191 ,
277 2145 477 2199 gemitum
502 2145 796 2185 tantummodo
823 2143 1064 2185 liberiorem
1089 2142 1307 2192 habuisse3
1328 2145 1487 2186 multis-

134 2228 213 2268 que
231 2213 549 2254 adhortantibus
569 2221 613 2253 ut
635 2228 684 2254 eo
709 2227 926 2269 pergerem
943 2244 953 2260 ‚
981 2212 1152 2254 dixisse:
1176 2213 1359 2255 Tradere
1382 2214 1491 2255 basi-

133 2284 258 2325 licam
281 2299 364 2324 non
382 2298 575 2340 possum,
609 2283 682 2324 sed
706 2298 892 2339 pugnare
917 2297 1000 2324 non
1024 2283 1171 2325 debeo.
1198 2283 1345 2326 Postea
1385 2298 1485 2325 vero

135 2367 260 2408 quam
281 2352 548 2409 cognoverim
567 2352 749 2412 cortinas
774 2352 904 2409 regias
928 2352 1025 2394 inde
1045 2367 1134 2394 esse
1161 2353 1365 2402 sublatas,
1387 2368 1484 2396 cum

135 2438 203 2465 me
226 2424 404 2480 populus
422 2439 471 2464 eo
495 2423 554 2464 ire
581 2412 1074 2489 deposceretjj'digeji-sse
1094 2423 1383 2480 presbyteros3
1410 2440 1479 2467 me

182 2536 189 2549 ¹
211 2526 282 2558 Psal
310 2535 405 2562 mxxv,
424 2526 454 2562 3,
470 2525 502 2563 4.
522 2543 561 2549 -
589 2533 601 2547 ·
630 2525 750 2569 Ephes.
779 2537 816 2562 ιι,
842 2525 895 2564 ¹4·
909 2544 948 2550 —
976 2527 990 2551 ὃ
1006 2527 1106 2560 Deut.
1126 2537 1232 2566 xxxii,
1253 2527 1305 2562 36.
1325 2545 1364 2553 ‹—-
1382 2528 1491 2561 ⁴Psal.

137 2590 227 2616 xxix,
243 2590 278 2612 10
296 2584 327 2611 et
349 2589 395 2610 ια.
