1774 3158
516 175 799 205 nms'romnum
830 175 988 204 cLAssls
1019 178 1045 205 1.
1382 167 1463 209 355

120 254 228 296 sorte
246 253 349 295 illud
371 267 541 295 movere
557 268 626 295 me
643 253 790 302 debet,
806 254 919 309 quod
939 254 1053 295 aiunt
1078 270 1086 295 :
1113 255 1220 312 Ergo
1242 271 1326 298 non
1343 259 1470 302 debet

121 322 350 380 imperator
376 338 502 364 unam
524 323 738 365 basilicam
766 322 957 380 accipere
972 355 982 371 ,
1015 325 1066 365 ad
1085 339 1208 380 quam
1230 328 1433 382 procedat
1453 343 1462 370 ε

120 402 161 436 et
182 395 274 450 plus
301 395 389 435 vult
407 393 654 435 Ambrosius
672 408 808 450 posse,
837 407 961 448 quam
987 393 1246 451 imper-aiom
1274 405 1318 438 ut
1338 397 1465 455 impe-

119 465 248 505 raim-i
270 463 760 521 prodeundifacultalem
777 463 928 520 neget?
949 464 1074 514 Quod
1096 480 1192 507 cum
1213 467 1374 516 dicunt,
1391 483 1464 525 ap-

118 534 381 591 prehendere
407 549 621 575 ser-mones
651 542 817 576 nostros
853 533 1063 589 gestiunt,
1100 535 1207 576 sicut
1234 537 1368 578 Judaei
1394 540 1463 595 qui

122 604 335 646 Christum
355 613 522 646 versuto
543 619 735 645 sermone
753 604 970 645 tentabant
990 605 1174 646 dicentes
1197 621 1204 646 :
1224 625 1237 644 α
1253 607 1462 664 Magister,

120 674 248 716 »licet
273 675 475 716 tributum
499 676 597 716 dare
621 673 770 715 Caesari
788 705 798 721 ,
833 682 903 715 aut
926 674 1032 715 non¹
1051 674 1094 714 Ρ»
1123 676 1388 733 Semper-ne
1416 681 1466 720 de

120 744 281 786 Caesare
304 745 478 786 servulis
500 745 579 786 Dei
614 744 765 786 invidia
794 745 1112 785 commovetur?
1141 746 1191 787 Et
1215 747 1295 789 hoc
1324 750 1373 789 ad
1402 765 1467 791 ca-

116 816 320 857 lumniam
343 815 420 856 sibi
449 815 619 856 arcessit
645 814 834 870 impietas
856 846 865 861 ,
906 823 951 854 ut
975 814 1190 871 imperiale
1216 832 1369 859 nomeu
1396 820 1468 860 ob-

117 883 291 925 tendat?
322 884 374 925 Et
396 883 461 926 isti
482 893 657 940 possunt
683 884 824 924 dicere
856 884 971 939 quod
995 899 1144 925 eorum
1176 900 1260 926 non
1284 886 1466 929 habeant

115 954 378 1011 sacrilegium
402 988 412 1006 ,
436 969 617 1010 quorum
642 955 862 995 imitantur
888 954 1210 1010 magisterium?

174 1025 336 1068 XXXI.
372 1025 425 1066 Et
448 1034 588 1067 tamen
612 1025 750 1066 videte
783 1034 940 1080 quanto
973 1025 1138 1081 pejores
1161 1027 1325 1069 Arriani
1353 1029 1465 1079 sint,

113 1111 238 1152 quam
271 1095 424 1139 Judaei.
466 1095 530 1137 Illi
560 1096 806 1151 quaerebant
837 1103 978 1136 utrum
1018 1097 1267 1138 solvendum
1302 1107 1469 1155 putaret

113 1164 262 1206 Caesari
285 1165 350 1220 jus
373 1165 547 1212 tributi,
576 1165 640 1206 isti
663 1165 909 1222 imperatori
938 1166 1084 1206 volunt
1109 1167 1207 1207 dare
1230 1167 1296 1222 jus
1321 1167 1467 1210 Eccle-

112 1234 194 1275 siae.
223 1234 305 1276 Sed
324 1244 369 1275 ut
387 1233 534 1291 perfidi
559 1250 681 1276 suum
705 1244 938 1290 sequuntur·
960 1243 1201 1284 auctoremg
1239 1237 1291 1278 ita
1316 1247 1358 1280 et
1391 1254 1465 1280 nos

112 1318 202 1359 quae
217 1319 289 1345 nos
308 1304 513 1346 Dominus
532 1312 572 1346 et
591 1313 737 1346 auctor
759 1313 902 1346 noster
920 1306 1065 1346 <locuit
1080 1339 1089 1354 ,
1117 1310 1457 1363 respondeamus

113 1372 392 1415 considerans
415 1374 525 1415 enim
545 1374 661 1415 Jesus
687 1375 829 1415 dolum
848 1374 1111 1422 Judaeorum,
1138 1376 1241 1418 dixit
1270 1379 1321 1419 ad
1351 1393 1420 1420 eos
1451 1394 1460 1420 ε

120 1460 136 1481 «
154 1444 269 1494 Quid
291 1459 358 1485 me
386 1444 584 1486 tentatis?
605 1445 826 1487 Ostendite
857 1445 960 1486 mihi
991 1446 1257 1488 denarium.»
1290 1448 1465 1491 Etcum

110 1515 344 1562 dedissent,
369 1514 470 1556 dixit
495 1531 536 1555 :a
556 1514 688 1571 Cujus
712 1516 938 1572 imaginem
976 1515 1107 1557 habet
1145 1506 1187 1558 et
1222 1518 1458 1575 inscriptio-

111 1601 126 1622 »
141 1583 260 1624 nem2
281 1583 327 1624 Ρ»
357 1585 676 1640 Respondentes
699 1585 896 1626 dixerunt
921 1600 962 1626 :a
984 1584 1172 1626 Caesaris.
1191 1604 1205 1624 »
1227 1587 1278 1628 Et
1302 1587 1358 1629 ait
1381 1588 1460 1630 illis

106 1653 228 1695 Jesus
256 1669 296 1695 z«
314 1654 492 1695 Reddite
516 1670 609 1711 quae
633 1663 730 1696 sunt
748 1655 924 1696 Caesaris
940 1655 1157 1704 ‚vCaesa1-i3
1181 1664 1223 1697 et
1249 1672 1341 1712 quae
1366 1669 1462 1700 sunt

108 1724 210 1765 »Dei
227 1756 238 1772 ,
262 1725 348 1765 Deo
366 1723 399 1765 ³.
422 1743 436 1762 »
462 1725 572 1781 Ergo
594 1733 635 1766 et
652 1740 729 1782 ego
755 1725 849 1766 dico
876 1725 971 1773 illis,
996 1726 1065 1781 qui
1088 1726 1190 1767 mihi
1212 1727 1420 1783 objiciunt
1447 1744 1456 1770 t

117 1813 131 1833 a
151 1794 368 1836 Ostendite
390 1794 493 1836 mihi
516 1796 751 1837 denarium.
773 1813 788 1833 n
817 1795 940 1837 Jesus
960 1795 1133 1837 Caesaris
1156 1795 1371 1856 denarium
1397 1799 1459 1840 vi-

106 1865 166 1908 dit
183 1898 192 1913 ‚
215 1874 257 1906 et
274 1866 329 1906 ait
351 1880 392 1906 :«
410 1865 590 1907 Reddite
613 1865 765 1907 Caesari
784 1897 793 1915 ‚
828 1880 920 1921 quae
955 1865 1127 1907 Caesaris
1150 1876 1270 1914 sunt3
1296 1877 1337 1910 ct
1365 1884 1455 1925 quac

106 1935 209 1977 »Dei
227 1944 346 1984 sunt,
367 1936 468 1977 Deo,
484 1955 496 1974 n
513 1935 728 1992 Numquid
751 1933 804 1978 de*
823 1936 1022 1978 Ecclesiae
1047 1937 1227 1979 basilicis
1247 1952 1456 1996 occupan-

105 2005 166 2048 dis
182 2014 355 2063 possunt
372 2006 589 2047 denarium
613 2006 768 2047 offerre
788 2006 994 2048 Caesarisi'

162 2076 344 2119 XXXII.
383 2075 524 2117 sedin
538 2076 725 2118 Ecclesia
748 2091 874 2118 unam
893 2076 1117 2134 imaginem
1141 2078 1254 2126 novi,
1269 2078 1350 2120 hoc
1367 2088 1449 2128 est,

103 2145 326 2202 imaginem
346 2146 421 2187 Dei
446 2145 686 2195 invisibilis,
713 2147 765 2188 de
781 2161 863 2202 qua
888 2146 994 2187 dixit
1018 2147 1130 2188 Deus
1163 2162 1172 2186 :
1197 2147 1449 2191 «Faciamus

102 2215 346 2256 »hominem
383 2217 434 2257 ad
467 2215 691 2272 imaginem
722 2224 764 2257 et
802 2215 1120 2258 similitudinem
1159 2219 1370 2259 nostram⁶
1394 2236 1404 2268 ;
1425 2238 1440 2258 ι»

100 2284 213 2326 illam
252 2284 475 2342 imaginem
495 2317 505 2332 ,
544 2286 596 2326 de
628 2301 710 2341 qua
747 2285 955 2342 scriptum
995 2294 1057 2327 est
1080 2302 1090 2334 ;
1130 2287 1226 2342 quia
1258 2286 1450 2330 Christus

114 2371 129 2392 «
151 2353 359 2411 Splendor·
387 2355 532 2412 glor-ize
562 2363 604 2397 et
639 2356 777 2413 imago
805 2355 1051 2397 substantiae
1083 2355 1219 2412 ejus⁵.
1243 2375 1259 2398 »
1302 2357 1348 2398 In
1377 2358 1453 2400 ista

151 2466 159 2480 ¹
189 2458 309 2490 Maub.
337 2469 419 2498 xxii,
448 2469 498 2500 ¹7·
522 2478 561 2485 —
591 2469 603 2483 ²
636 2459 724 2492 Ibid.
748 2460 796 2492 18.
815 2477 854 2484 —-
875 2461 888 2484 ³
910 2459 995 2492 Ibid.
1014 2471 1067 2492 21.
1084 2478 1126 2485 —-
1144 2462 1154 2486 4
1170 2460 1256 2493 (ien-
1288 2471 1298 2491 1
1314 2482 1323 2498 ‚
1349 2461 1399 2493 26.
1417 2481 1456 2486 —

106 2511 238 2545 ⁵Hebr.
265 2523 288 2551 ι,
308 2513 339 2545 5.

1241 2568 1309 2611 23.
