1774 3158
508 237 789 267 EPlsTOLARUM
825 238 983 265 cussa
1017 239 1042 265 1.
1391 236 1473 279 179

125 317 273 360 vinitas
288 317 541 374 sempiterna
568 317 786 363 credatur3
816 324 861 356 ut
884 329 965 356 non
990 315 1026 356 oi
1052 315 1226 371 objicias
1244 347 1255 364 ‚
1281 330 1408 371 quam
1434 315 1474 357 in

124 397 164 430 te
189 388 300 430 vides
325 396 577 433 creaturam,
604 401 682 427 nee
699 387 832 428 Deum
852 386 1016 427 Patrem
1035 386 1199 427 Domini
1219 386 1348 428 nostri
1371 385 1472 427 Jesu

117 451 281 500 ‘Christi
305 458 476 515 Spiritui
499 472 574 499 suo
609 456 818 498 existimes
838 449 1035 497 invidere.
1074 456 1198 506 Quod
1219 456 1331 497 enim
1355 470 1477 498 crea-

126 536 228 569 turae
252 536 366 570 caret
388 527 712 574 communione,
737 525 923 567 divinum
951 533 1025 567 est.

186 597 258 639 IX.
297 596 338 638 Si
376 596 580 638 Dominus
619 595 766 636 faverit
783 627 793 642 ,
827 595 925 636 hnic
952 595 1078 637 etiam
1117 596 1349 637 clementiae
1395 605 1476 637 tuae

118 665 375 725 (satisfaciam
403 664 632 712 voluntati3
677 673 721 706 ut
747 664 867 719 cujus
902 665 1103 721 accepisti
1136 666 1312 721 gratiam
1334 698 1344 714 ‚
1381 680 1478 707 eum

127 737 252 793 plane
275 735 316 776 in
343 733 420 777 Dei
446 734 579 791 'gloria
607 734 951 791 praeeminentem
976 750 1052 776 suo
1091 733 1260 776 nomine
1299 733 1479 776 aestimes

129 806 439 847 honorandum.

188 878 239 919 X.
277 876 569 919 Beatissimum
595 884 635 918 te
661 885 703 918 et
726 875 1072 918 florentissimum
1089 876 1201 917 Deus
1219 875 1486 932 omnipotens

129 946 252 989 Pater
272 945 440 989 Domini
462 946 594 988 nostri
616 946 719 988 Jesu
747 946 902 988 Christi
931 947 1038 988 tueri
1060 955 1183 988 aetate
1218 946 1400 1003 prolixa,
1445 954 1488 987 et

130 1032 306 1074 regnum
331 1026 448 1058 tuum
470 1016 509 1057 in
533 1032 697 1058 summa
721 1017 873 1073 gloria,
901 1025 942 1058 et
969 1032 1072 1074 pace
1095 1025 1293 1074 perpetua
1334 1015 1488 1057 confir-

130 1102 246 1128 mare
267 1086 460 1144 dignetur
475 1119 484 1133 ,
504 1085 673 1127 domino
699 1088 930 1143 Imperator
950 1095 1122 1143 auguste
1138 1119 1148 1134 ‚
1177 1085 1316 1127 divino
1352 1086 1487 1135 electe

131 1155 312 1213 judicio,
337 1156 576 1213 principum
601 1156 913 1213 gloriosissime.

1297 2631 1363 2658 12.
