1774 3158
484 239 769 272 nrisromnun
801 241 960 272 cussis
992 243 1020 273 ι.
1352 231 1438 283 463

92 319 388 378 »imprudenS‚
413 328 456 362 et
476 327 678 377 tanquam
700 319 821 362 vinea
839 319 966 363 homo
983 334 1109 378 egens
1130 335 1278 371 sensu,
1304 321 1336 364 si
1352 323 1446 364 reli·

91 393 260 449 »queris
280 407 394 440 eum,
419 391 608 434 desertus
629 391 710 433 erit
729 391 760 433 ¹.
788 409 803 430 n
820 391 1018 434 Colamus
1054 407 1156 450 ergo
1180 407 1332 450 corpus
1359 393 1440 435 hoc

92 471 300 511 nostrum,
326 461 576 519 castigemus
600 462 703 504 illud
719 494 730 511 ,
757 462 995 519 redigamus
1016 463 1056 505 in
1069 463 1310 506 servitutem
1325 496 1336 514 ,
1359 479 1442 507 non

58 544 64 547 ·
93 533 198 575 illud
219 532 509 590 despiciamus.

150 603 300 646 XL111.
330 602 437 645 Sunt
458 603 570 645 enim
591 603 780 645 membra
798 611 939 644 nostra
953 618 1066 646 arma
1085 603 1268 659 justitiae,
1287 613 1384 647 sunt
1402 614 1444 648 et

92 687 205 715 arma
226 672 402 730 peccati.
431 673 472 714 Si
495 675 727 722 elevantur,
749 687 862 714 arma
883 672 1052 729 justitiae
1075 682 1171 716 sunt
1187 708 1197 724 ,
1223 683 1270 716 ut
1291 690 1438 732 pecca-

95 751 184 786 tum
203 744 244 785 in
269 744 332 785 his
347 758 429 785 non
453 743 695 785 dominetur
719 757 729 785 :
751 743 783 784 si
807 753 1022 786 mortuum
1042 744 1167 786 suerit
1184 760 1335 803 corpus
1349 761 1448 788 nos-

94 822 204 855 trum
220 823 508 871 peccat0,nou
528 814 719 871 regnabit
742 814 784 855 in
807 828 857 856 eo
882 815 1023 871 culpa,
1048 824 1089 856 et
1111 824 1236 857 erunt
1257 816 1445 858 membra

93 892 235 926 nostra
259 899 278 925 a
296 891 471 941 peccato
497 884 643 925 libera.
671 883 763 926 Non
791 884 1038 926 obediamus
1060 885 1187 942 igitur
1204 885 1447 943 cupiditati-

91 956 168 997 bus
189 955 295 1011 eJUS,
321 970 458 1011 neque
480 954 753 997 exhibeamus
774 956 966 999 membra
989 965 1133 998 nostra
1153 972 1267 998 arma
1286 957 1442 1013 iniqni-

96 1026 190 1067 tatis
221 1034 410 1082 peccato.
445 1025 489 1067 Si
512 1025 663 1067 videris
706 1025 925 1067 mulierem
969 1027 1020 1067 ad
1057 1027 1449 1083 concupiscendum

97 1111 208 1144 eam,
248 1096 437 1136 membra
460 1103 530 1136 tua
564 1111 678 1137 arma
709 1096 874 1152 peccati
902 1105 1016 1138 sunt.
1055 1095 1098 1137 Si
1123 1098 1294 1138 locutus
1321 1113 1364 1139 es
1401 1098 1453 1139 ad

98 1166 403 1208 sollicitandam
421 1180 513 1207 eam
534 1166 675 1223 lingua
694 1174 763 1207 tua
781 1174 822 1208 et
843 1181 888 1207 os
917 1175 1037 1218 tuum
1064 1168 1253 1209 membra
1285 1168 1448 1224 peccati

98 1244 205 1278 sunt.
235 1236 278 1278 Si
303 1236 509 1278 abstulisti
529 1236 766 1277 terminosa
801 1237 990 1293 patribus
1026 1238 1182 1293 positos
1203 1271 1213 1285 ,
1257 1238 1447 1279 membra

99 1315 167 1348 tua
192 1321 305 1347 arma
328 1306 489 1363 peccati
513 1314 622 1347 sunt.
662 1306 704 1348 Si
736 1306 938 1348 festinasti
963 1307 1242 1349 velocioribus
1265 1309 1442 1364 pedibus

100 1378 151 1418 ad
181 1376 485 1418 effundendum
526 1376 814 1418 innocentium
853 1377 1098 1433 sanguinem
1143 1378 1336 1419 membra
1376 1385 1445 1419 tua

99 1461 212 1488 arma
232 1447 460 1503 iniquitatis
482 1455 592 1487 sunt.

156 1516 306 1560 XLIV.
338 1517 509 1564 Contra,
526 1517 558 1558 si
583 1516 719 1558 vidisti
737 1531 933 1572 egenum,
953 1516 1203 1558 etinduxisti
1218 1517 1258 1558 in
1276 1518 1449 1559 domum

100 1597 230 1636 tuam,
260 1588 450 1629 membra
476 1596 544 1629 tua
575 1602 686 1629 arma
712 1586 881 1643 justitiae
907 1595 1017 1628 sunt.
1049 1587 1093 1629 Si
1116 1588 1319 1644 erupuisti
1348 1588 1455 1643 inju-

100 1658 204 1698 rium
225 1658 527 1714 accipientem,
554 1659 619 1698 vel
640 1673 735 1698 eum
765 1657 834 1713 qui
857 1657 1091 1699 ducebatur
1122 1659 1172 1699 ad
1196 1667 1394 1706 mortem,
1415 1658 1447 1699 si

102 1728 257 1770 scidisti
276 1727 603 1785 chirographum
633 1728 857 1774 debitoris,
879 1728 1071 1769 membra
1093 1736 1163 1769 tua
1188 1743 1300 1769 arma
1338 1728 1453 1783 justi-

103 1798 166 1839 tiae
191 1807 298 1839 sunt.
328 1798 369 1839 Si
389 1798 602 1840 consessus
621 1814 663 1839 es
687 1797 901 1840 Christum
921 1798 1062 1855 (arma
1084 1798 1196 1838 enim
1218 1798 1454 1840 intellectus

101 1867 219 1910 labiae
235 1866 501 1924 sapientiae2)
523 1867 631 1909 labia
648 1876 717 1909 tua
740 1868 930 1909 membra
952 1867 1121 1923 justitiae
1146 1876 1254 1909 sunt.
1284 1867 1366 1918 Qui
1389 1882 1460 1924 po-

103 1946 181 1980 test
206 1939 346 1980 dicere
365 1953 373 1979 :
391 1955 405 1976 <1
423 1939 584 1980 Oculus
605 1953 720 1980 eram
739 1953 968 1987 caecorum,
990 1953 1061 1995 pes
1084 1938 1332 1979 claudorum
1349 1971 1358 1986 ,
1386 1954 1456 1996 pa-

103 2026 118 2046 »
135 2018 195 2049 ter
218 2008 482 2050 infirmorum
501 2008 532 2057 ³,
554 2009 774 2050 »membra
792 2008 884 2065 ejus
902 2009 1092 2050 membra
1111 2009 1280 2066 justitiae
1304 2017 1417 2051 sunt.

160 2077 289 2121 XLV.
317 2079 425 2134 Ergo
454 2078 619 2137 liberati
642 2094 661 2120 a
690 2087 888 2135 peccato,
913 2079 1030 2136 quasi
1053 2079 1188 2136 pretio
1210 2080 1340 2136 empti
1364 2093 1461 2120 san-

103 2149 238 2206 guinis
277 2149 446 2198 Christi,
482 2164 565 2191 non
597 2150 878 2206 subjiciamur
913 2150 1104 2191 servituti
1149 2150 1368 2191 hominum
1393 2151 1458 2191 vel

105 2221 361 2276 passionum.
386 2221 479 2261 Non
500 2221 799 2262 erubescamus
832 2229 1054 2277 peccatum
1098 2231 1290 2263 nostrum
1325 2221 1460 2269 satcri,

107 2291 209 2332 tide
228 2306 351 2347 quam
371 2292 495 2343 liber,
521 2292 591 2347 qui
616 2300 781 2348 poterat
814 2293 954 2334 dicere
977 2307 985 2333 ε
1009 2313 1023 2327 «
1043 2292 1133 2334 Non
1153 2293 1353 2334 reveritus
1367 2308 1459 2334 sum

107 2362 450 2403 »multitudinem
476 2363 647 2419 populi3
672 2372 718 2404 ut
753 2378 835 2403 non
861 2363 1151 2404 annuntiarem
1169 2363 1209 2403 in
1234 2372 1465 2420 conspectu

107 2432 325 2474 »omnium
352 2441 575 2490 peccatum
608 2448 750 2475 meum
769 2434 798 2475 ¹⁸.
829 2452 844 2472 n
876 2433 960 2485 Qui
983 2434 1096 2475 enim
1127 2432 1354 2475 confitetur
1378 2434 1461 2475 Do-

108 2500 238 2550 mino,
259 2503 456 2544 exuitura
470 2503 692 2552 servitute3
708 2520 724 2542 ιι
743 2503 890 2546 Justus
902 2505 1015 2547 enim
1028 2514 1248 2547 accusator
1259 2513 1321 2546 est
1336 2504 1398 2545 sui
1419 2504 1460 2545 in

155 2600 163 2615 ¹
186 2591 282 2625 Prov.
301 2603 389 2630 xxiv,
407 2594 461 2627 30.
476 2612 518 2619 —
539 2594 620 2627 ¹1d.
639 2604 708 2631 xiv,
724 2606 756 2637 7.
774 2612 816 2621 —
834 2596 849 2621 ³
865 2594 942 2628 Job.
961 2607 1049 2634 xxix,
1069 2597 1122 2629 15.
1146 2613 1186 2620 —
1207 2598 1220 2623 ⁴
1242 2595 1292 2627 ld.
1310 2606 1401 2634 xxxi,
1416 2595 1469 2628 35.
