1774 3158
472 301 755 332 zmsrotumu
785 300 946 332 cussts
979 304 1008 331 1.
1342 290 1425 340 455

79 382 302 424 momentis
323 381 431 424 sieut
453 382 600 438 vulgus
623 379 843 422 hominum
865 380 950 422 hue
973 389 1099 437 atque
1128 381 1228 423 illuc
1250 382 1429 424 incline-

79 460 163 501 tur,
189 453 261 494 sed
286 459 486 508 tanquam
515 451 556 492 in
579 459 731 493 statera
762 465 881 492 mens
914 450 1006 507 ejus
1031 465 1150 507 aequa
1173 452 1294 493 lance
1321 467 1430 509 pen-

80 520 199 569 deat3
228 530 273 563 ut
295 536 431 577 neque
453 522 506 562 ad
525 521 759 578 voluptaria
786 522 1066 577 propendeat,
1096 536 1234 577 neque
1258 521 1430 564 omnino

83 593 134 634 ad
158 607 229 640 ea,
262 607 354 648 quae
382 600 479 634 sunt
509 592 734 633 aversanda
751 623 762 638 ‚
787 593 851 632 vel
873 592 1022 633 leviter
1045 592 1230 633 studium
1259 592 1433 634 inclinet

82 678 218 712 suum,
251 665 324 705 sed
356 662 583 704 immobilis
613 670 779 704 maneat
813 661 981 704 ass'ectu.
1021 663 1140 704 Unde
1172 662 1305 718 liquet
1335 664 1432 719 quia

81 734 187 777 nihil
208 734 360 776 invitus
382 734 480 776 facit
501 733 666 790 sapiens
683 765 694 781 ,
718 748 854 789 neque
877 732 1068 788 cogitur3
1101 733 1198 789 quia
1228 733 1260 774 si
1291 748 1434 775 servus

82 814 206 852 esset,
237 813 482 861 cogeretur:
502 804 610 845 liber
631 803 759 860 igitur
781 811 844 845 est
866 803 1041 860 sapiens.

141 875 259 917 XXl.
276 874 522 931 'Apostolus
552 888 721 930 quoque
746 873 807 914 sic
830 872 979 915 definit
1003 873 1147 915 dicens
1168 888 1177 914 ε
1196 874 1319 916 «Non
1341 889 1435 916 sum

83 963 98 982 n
112 959 189 1000 ego
208 944 330 992 liber,
355 959 439 985 non
458 960 550 985 sum
572 943 820 1001 Apostolus¹
841 943 890 985 P»
907 943 990 985 Sed
1014 944 1117 985 adeo
1135 944 1257 989 liber,
1278 953 1325 986 ut
1340 958 1437 986 cum

83 1015 389 1057 subintrassent
426 1015 597 1071 quidam
634 1024 799 1058 tentare
829 1015 1068 1057 libertatem
1106 1015 1199 1071 ejus
1216 1048 1226 1063 ,
1265 1029 1346 1057 nee
1387 1019 1439 1057 ad

84 1084 250 1132 horam,
276 1094 320 1127 ut
345 1086 433 1143 ipse
464 1086 534 1132 ait,
570 1088 740 1128 cederet
761 1085 1035 1142 subjectioni,
1061 1093 1108 1127 ut
1133 1087 1284 1127 veritas
1306 1086 1439 1128 Evan-

84 1156 178 1212 gelii
194 1156 534 1213 praedicaretur².
556 1158 640 1208 Qui
658 1172 756 1214 ergo
770 1172 853 1198 non
867 1156 1010 1203 cessit,
1023 1158 1166 1211 volens
1178 1156 1433 1213 praedicavit.

86 1227 165 1269 Ubi
194 1228 405 1275 voluntas,
439 1227 498 1268 ibi
525 1243 688 1269 merces
719 1228 978 1270 voluntatis:
999 1227 1072 1268 ubi
1107 1228 1358 1275 necessitas,
1384 1225 1440 1268 ibi

87 1298 333 1354 obsequium
355 1298 628 1340 necessitatis.
652 1298 800 1340 Melior
817 1313 915 1356 ergo
937 1299 1132 1340 voluntas
1153 1313 1278 1354 quam
1299 1313 1442 1340 neces-

88 1367 197 1409 sitas.
224 1368 336 1409 Velle
356 1383 455 1424 ergo
473 1369 671 1424 sapientis
689 1378 765 1418 est,
787 1384 934 1426 parere
956 1377 998 1410 et
1018 1369 1175 1410 servire
1192 1369 1436 1426 insipientis,

144 1437 286 1480 XXII.
325 1438 425 1479 Htec
459 1438 584 1479 etiam
616 1447 679 1480 est
707 1438 897 1495 Apostoli
931 1437 1120 1480 definitio
1144 1439 1321 1480 dicentis
1343 1453 1352 1480 ε
1371 1438 1443 1480 «Si

88 1509 230 1549 »enim
262 1509 404 1549 volens
435 1508 518 1550 hoc
548 1523 643 1565 ago,
670 1510 910 1551 mercedem
935 1509 1102 1550 habebo
1124 1524 1132 1549 :
1154 1509 1186 1550 si
1216 1517 1355 1549 autem
1379 1508 1443 1550 in-

89 1579 252 1627 witus,
282 1579 536 1635 dispensatio
571 1579 675 1620 mihi
712 1580 871 1622 eredita
909 1578 1012 1621 est³.
1049 1598 1064 1618 »
1094 1579 1281 1636 Sapienti
1318 1579 1445 1635 igitur

89 1665 250 1691 merces
283 1650 487 1698 defertur,
522 1651 687 1706 sapiens
714 1659 852 1692 autem
875 1666 927 1692 ex
950 1651 1166 1692 voluntate
1190 1650 1290 1692 facit
1308 1650 1445 1692 :liber

90 1720 230 1775 itaque
251 1722 485 1762 secundum
503 1722 753 1778 Apostolum
772 1723 951 1778 sapiens·
977 1723 1095 1763 Unde
1109 1730 1149 1763 et
1163 1721 1249 1778 ipse
1268 1724 1443 1764 clamat:

103 1791 218 1834 «Vos
239 1793 350 1833 enim
375 1793 417 1833 in
443 1793 681 1835 libertatem
705 1794 842 1835 vocati
867 1792 981 1841 estis,
1006 1802 1170 1834 tantum
1194 1808 1245 1834 ne
1271 1793 1446 1834 liberta-

93 1882 108 1902 »
122 1868 206 1905 tem
219 1864 259 1904 in
277 1863 544 1905 occasionem
560 1863 696 1905 carnis
711 1864 815 1905 detis
827 1864 857 1905 Δ.
881 1882 894 1902 n
910 1862 1153 1919 Sequestrat
1170 1878 1190 1904 a
1203 1863 1295 1920 lege
1307 1863 1448 1905 Chris-

92 1932 280 1980 tianum,
319 1948 372 1974 ne
404 1933 557 1973 invitus
589 1933 780 1974 videatur
814 1933 894 1990 legi
927 1934 1369 1975 succumbere:vocat
1405 1933 1448 1975 in

92 2003 389 2060 Evangelium‚
424 2004 539 2059 quod
569 2005 758 2045 volentes
791 2012 834 2045 et
867 2004 1096 2061 praedicant
1124 2012 1166 2045 et
1199 2012 1444 2060 operantur.

93 2075 264 2114 Judaeus
297 2074 374 2115 sub
404 2074 530 2130 Lege,
565 2073 826 2115 Christianus
858 2089 932 2130 per
963 2074 1317 2131 Evangeliun1:in
1338 2074 1450 2132 Lege

94 2145 285 2194 servitus,
322 2144 364 2185 in
397 2144 623 2201 Evangelio
655 2146 844 2192 libertas,
881 2145 953 2186 ubi
990 2144 1178 2202 cognitio
1217 2145 1444 2202 sapientiae.

95 2213 244 2256 Omnis
266 2229 364 2272 ergo
387 2214 458 2270 qui
482 2214 695 2257 Christum
719 2215 884 2272 recipit,
909 2215 1072 2272 sapiens
1094 2231 1102 2256 :
1123 2215 1195 2272 qui
1220 2223 1361 2257 autem
1385 2231 1450 2257 sa-

95 2284 229 2341 piens,
258 2285 367 2326 liber
387 2300 396 2326 :
418 2286 554 2327 omnis
579 2286 707 2344 igitur
730 2286 996 2328 Christianus
1017 2295 1059 2328 et
1081 2286 1188 2328 liber
1205 2296 1244 2328 et
1268 2287 1447 2343 sapiens.

153 2353 315 2396 XXIII.
351 2354 506 2396 Docuit
528 2370 595 2396 me
624 2364 762 2397 tamen
791 2356 1021 2413 Apostolus
1047 2358 1161 2413 quod
1186 2358 1293 2399 ultra
1321 2357 1453 2413 ipsam

97 2424 335 2467 libertatem
362 2426 430 2473 sit,
455 2434 502 2468 ut
527 2427 682 2468 servire
698 2427 869 2469 libertas
892 2427 944 2469 sit
964 2443 972 2469 ε
990 2446 1006 2466 α
1025 2427 1131 2469 Cum
1158 2428 1280 2475 liber,
1300 2427 1450 2484 inquit,

97 2509 280 2544 »essem,
315 2495 506 2538 omnium
539 2511 606 2537 me
641 2512 808 2538 servum
842 2496 946 2546 seci;
981 2506 1029 2540 ut
1058 2498 1200 2556 plures
1235 2498 1453 2539 lucriface-

148 2604 158 2620 ¹
193 2607 206 2628 1
233 2596 393 2634 Cor-xx,
424 2608 507 2630 ι.·-
535 2607 547 2622 ·
574 2597 784 2630 Gauius-5
822 2613 862 2622 -
890 2599 906 2622 ὓ
968 2586 1035 2614 “”·“
1093 2594 1130 2612 ’⁸
1214 2598 1454 2630 .-kGalat.

100 2661 145 2691 v,
179 2651 228 2683 15.
