1774 3158
287 241 370 285 322
830 251 862 279 s,
902 249 1095 279 AMBRosu

285 333 353 374 ille
372 330 569 373 fiduciam
589 328 753 371 virtutis
783 344 867 371 suae
890 328 1161 372 constitutam
1183 327 1359 371 haberet
1385 343 1394 370 :
1426 342 1510 386 quo
1532 342 1634 386 cog-

284 402 373 444 nito
388 433 398 449 ,
418 398 714 442 circumveniri
735 407 777 440 et
797 399 889 456 capi
915 406 1067 456 posset.

343 470 521 514 XXVII.
558 468 612 511 At
649 469 717 511 illa
752 484 843 526 quae
878 470 1006 511 semel
1032 483 1075 510 se
1101 467 1291 524 pecuniae
1319 467 1631 525 prostituerat¹,

285 550 419 584 astute
452 541 548 583 satis
575 548 615 582 et
649 540 799 582 callide
835 540 945 582 inter
973 539 1124 596 pocula
1160 547 1202 580 et
1236 537 1455 581 illecebras
1483 539 1634 581 amoris

283 611 400 668 quasi
418 610 627 653 admirans
644 609 901 651 fortitudinis
919 609 1010 666 ejus
1027 608 1300 650 eminentiam
1316 642 1325 656 ,
1348 623 1534 665 quaerere
1553 609 1634 651 hoc

283 681 409 738 coepit
428 714 438 729 ,
464 695 547 737 quo
575 681 747 721 tandem
771 695 923 736 genere
945 687 1111 721 tantum
1134 687 1350 735 praestaret
1375 678 1634 735 reliquorum

280 751 527 798 virtutibus3
549 749 675 791 simul
698 758 738 791 et
761 749 877 805 quasi
895 748 1043 806 pavida
1065 756 1188 803 atque
1214 747 1392 789 sollicita
1418 763 1562 797 orare,
1590 756 1635 789 ut

281 822 443 864 dilectae
470 835 553 862 suae
575 820 880 868 committeret,
904 819 974 875 qui
999 834 1129 860 nexus
1159 818 1376 860 astrictum
1395 819 1537 860 alienae
1561 833 1637 876 po-

283 892 422 935 testati
463 891 763 933 substerneret.
807 891 880 932 Ille
912 899 1051 931 autem
1086 889 1224 931 adhuc
1257 889 1421 930 sobrius
1453 882 1494 930 et
1517 888 1633 930 sortis

281 963 407 1004 animi
425 962 620 1004 adversus
644 961 914 1003 delinimenta
931 960 1172 1002 meretricia
1190 959 1332 1001 dolum
1352 960 1448 1001 dolo
1466 959 1632 1007 retulit,

279 1034 421 1075 dicens
440 1032 535 1088 quia
560 1031 591 1072 si
613 1031 767 1072 vitibus
796 1030 1029 1072 virentibus
1055 1029 1193 1072 adhuc
1216 1038 1259 1072 et
1285 1045 1369 1071 non
1392 1030 1517 1072 aridis
1545 1030 1636 1071 alli-

280 1110 472 1159 garetur,
497 1099 742 1142 infirmitate
767 1099 956 1156 corporis
982 1100 1221 1155 adaequaret
1246 1100 1422 1141 aliorum
1447 1099 1637 1142 similitu-

280 1172 436 1213 dinem.
469 1171 565 1222 Quo
595 1170 802 1212 Palaestini
835 1184 911 1226 per
941 1169 1120 1212 Dalilam
1148 1169 1226 1211 sibi
1259 1178 1504 1226 comperto,
1538 1185 1635 1211 cum

278 1243 386 1285 vitea
410 1240 624 1298 soporanti
645 1240 1021 1283 circumdedissent
1048 1241 1214 1282 vincula
1229 1274 1239 1290 ,
1264 1240 1381 1296 quasi
1404 1241 1455 1282 de
1477 1240 1636 1298 impro-

280 1313 368 1355 viso
399 1312 582 1354 excitum
603 1345 611 1359 ‚
639 1312 752 1353 haud
785 1313 1036 1368 degenerem
1065 1311 1279 1353 offendere
1308 1319 1416 1353 notae
1442 1319 1484 1353 et
1507 1311 1635 1354 solitae

280 1382 558 1431 fortitudinis3
583 1395 680 1423 cum
708 1381 856 1422 solutis
881 1381 1057 1423 nexibus
1074 1413 1085 1430 ,
1105 1380 1236 1423 virtus
1257 1381 1389 1422 libera
1417 1380 1559 1422 multis
1584 1380 1635 1422 li-

280 1461 371 1500 cet,
399 1452 617 1494 resisteret
638 1466 684 1492 ac
711 1459 983 1508 repugnaret.

337 1522 533 1565 XXVIII.
572 1521 657 1563 Sed
677 1521 748 1562 ubi
774 1535 922 1577 parum
945 1520 1172 1577 processit,
1195 1536 1338 1562 rursus
1358 1520 1489 1562 Dalila
1517 1520 1636 1577 quasi

283 1593 417 1635 derisa
433 1600 475 1634 et
495 1605 760 1647 conquerens
782 1599 975 1647 repetere
1000 1599 1108 1632 artes
1128 1605 1246 1639 suaS‚
1274 1599 1315 1632 et
1332 1589 1458 1632 fidem
1484 1591 1635 1632 amoris

280 1678 453 1721 poscere
486 1678 571 1705 non
602 1661 965 1719 praetermittebat.
995 1661 1073 1702 Cui
1104 1660 1280 1702 Samson
1314 1661 1472 1703 validus
1498 1661 1636 1704 adhuc

282 1732 475 1780 consilii,
491 1733 633 1774 dolum
656 1731 820 1778 ridens,
852 1728 1101 1786 significavit
1121 1730 1293 1787 ligatum
1325 1745 1367 1771 se
1391 1739 1550 1794 septem
1578 1730 1638 1772 fu-

280 1804 428 1850 nibus,
462 1802 532 1858 qui
565 1802 703 1844 adhuc
739 1801 828 1843 sine
850 1815 927 1842 usu
953 1800 1117 1848 forent,
1140 1809 1365 1842 venturum
1389 1800 1429 1841 in
1451 1781 1637 1859 potesta-

284 1884 367 1917 tem
395 1873 579 1915 hostium
609 1886 618 1912 τ
649 1873 721 1913 sed
743 1880 784 1913 et
807 1870 887 1913 hoc
906 1869 1058 1912 frustra
1081 1869 1173 1912 fuit.
1195 1869 1336 1912 Tertio
1357 1884 1526 1927 quoque
1545 1876 1639 1944 tan-

282 1959 407 2001 quam
431 1944 483 1986 de
503 1942 705 2000 mysterio
724 1940 1009 1998 deprompsit,
1033 1949 1074 1983 et
1094 1939 1180 1997 jam
1198 1942 1365 2019 lapsuro
1382 1926 1579 2020 propior,
1604 1941 1637 1983 si

284 2013 474 2056 dissoluti
500 2020 639 2054 essent
660 2011 797 2053 crines
827 2019 988 2068 septem
1016 2011 1162 2067 capitis
1186 2011 1271 2057 sui,
1300 2019 1342 2052 et
1363 2011 1480 2066 quasi
1503 2011 1544 2052 in
1567 2025 1639 2052 cu

282 2084 421 2127 bitum
440 2082 611 2130 intexti,
631 2081 867 2123 discederet
891 2081 941 2122 ab
965 2094 1015 2122 eo
1035 2079 1165 2122 virtus
1189 2095 1274 2122 sua.
1295 2080 1348 2122 Et
1369 2079 1451 2122 hoc
1470 2095 1638 2138 quoque

283 2156 384 2199 lusit
406 2153 652 2195 insidiarum
674 2151 963 2194 fabricatores.

342 2223 506 2267 XXIX.
542 2221 597 2264 At
618 2229 879 2279 postremum
903 2234 1000 2262 cum
1028 2219 1196 2262 illusum
1229 2220 1307 2262 sibi
1333 2220 1455 2263 toties
1481 2235 1639 2278 procax

282 2293 435 2337 mulier
463 2291 786 2350 deploravisset,
822 2291 1037 2346 indignam
1069 2305 1111 2332 se
1138 2290 1325 2333 habitam
1367 2292 1534 2340 dolens,
1569 2274 1639 2334 effi

285 2364 624 2408 committeretur
647 2376 848 2404 arcanum
884 2360 1048 2410 dilecti,
1079 2369 1121 2402 et
1146 2360 1188 2403 id
1210 2362 1322 2417 quod
1344 2376 1419 2418 pro
1450 2342 1638 2404 remedio

286 2443 517 2492 quaereret,
558 2434 610 2475 ad
644 2432 929 2490 proditionem
962 2431 1195 2487 suspectari
1227 2431 1406 2481 videret,
1440 2413 1638 2490 lacrynii’s

284 2504 412 2548 fidem
436 2502 603 2560 coegit:
627 2502 751 2545 simul
772 2501 866 2559 quia
887 2500 1123 2545 debebatur
1143 2501 1309 2546 invictae
1333 2502 1386 2546 ad
1407 2501 1450 2545 id
1474 2510 1637 2560 tempus

330 2604 338 2619 ¹
363 2594 472 2628 Judic.
489 2603 559 2631 xvi,
576 2594 608 2632 6,
627 2598 660 2626 et
676 2603 765 2636 seqq.
