1774 3158
472 256 752 286 prsronaauu
786 258 941 286 cussis
976 260 1001 287 1.
1338 245 1420 287 253

79 347 313 381 creaturam
338 335 586 378 confitetur:
609 351 703 378 cum
723 337 996 393 temporalem
1019 336 1192 392 coepisse
1211 336 1420 385 dicit‚Do-

80 409 239 451 minum
265 421 410 449 verum
433 415 582 464 negat,
608 407 648 448 in
673 407 974 464 sempiternum
1003 421 1153 448 censeo
1183 422 1270 449 osse
1301 408 1421 449 dam-

79 481 278 522 nandum.
463 477 467 481 ⁴

136 549 238 592 LVI.
275 549 420 591 Justus
443 549 664 606 episcopus
691 549 791 590 dixit
818 564 826 590 :
852 549 1084 590 Palladium
1103 580 1112 591 .
1135 548 1203 604 qui
1226 549 1421 606 blaspbe-

79 619 179 661 mias
202 619 309 660 Arrii
341 619 538 661 damnare
556 619 713 665 noluit,
742 618 957 660 sedetiam
983 619 1111 674 magis
1140 618 1212 659 has
1231 618 1421 661 confiteri

80 689 265 737 videtur,
290 704 441 731 censeo
470 689 642 731 ulterius
665 689 926 730 sacerdotem
949 688 1030 731 diei
1063 703 1147 729 non
1173 704 1291 745 posse
1310 722 1319 736 ‚
1344 704 1421 733 nec

79 760 188 802 inter
207 760 424 817 episcopos
449 759 652 816 deputari.

136 829 333 871 Eventius
360 829 581 886 episcopus
614 828 860 871 Ticiniensis
893 829 1029 870 dixit:
1063 828 1318 876 Palladium,
1353 829 1423 885 qui

79 899 334 955 impietatem
358 899 466 941 Arrii
485 900 684 940 damnare
702 899 858 946 noluit,
883 899 1063 940 arbitror
1087 914 1105 940 a
1130 899 1342 941 consortio
1366 914 1426 941 sa-

80 969 280 1010 cerdotali
305 968 343 1009 in
369 977 617 1025 perpetuum
641 983 730 1010 esse
752 976 975 1010 remotum.

136 1038 258 1082 LVII.
293 1039 588 1081 Abundantius
611 1039 832 1096 episcopus
863 1039 1132 1081 Tridentinus
1160 1038 1289 1080 dixit:
1316 1037 1423 1080 Cum

80 1109 291 1151 evidentes
323 1109 602 1166 blasphemias
632 1110 840 1152 Palladius
868 1110 1084 1158 defendat,
1115 1111 1360 1151 damnatum
1383 1124 1425 1150 se

80 1194 129 1220 ex
149 1179 336 1221 Concilio
363 1179 618 1236 Aquileiensi
643 1187 883 1237 cognoscat.

139 1249 342 1291 Eusebius
371 1249 594 1307 episcopus
616 1250 894 1292 Bononiensis
932 1251 1019 1306 (01)
1049 1250 1151 1293 dixit
1178 1267 1187 1292 :
1213 1251 1321 1303 Quia
1356 1253 1430 1294 im-

80 1319 253 1376 pietates
275 1318 384 1363 Arrii
415 1319 623 1361 diabolico
647 1321 754 1376 stylo
779 1320 1036 1376 conscriptas
1054 1353 1062 1367 ,
1088 1336 1189 1377 quas
1215 1336 1297 1362 non
1323 1322 1427 1363 lice-

82 1392 246 1433 batnec
269 1392 319 1432 ad
347 1405 467 1432 aures
490 1390 713 1432 admittere
731 1423 741 1439 ‚
766 1391 974 1432 Palladius
1008 1406 1092 1432 non
1126 1394 1258 1433 solum
1297 1393 1430 1434 noluit

82 1462 393 1508 condemnare3
418 1461 492 1502 sed
517 1468 559 1502 ct
584 1475 728 1501 earum
755 1460 890 1501 extitit
915 1469 1115 1509 assertor,
1147 1463 1339 1517 negando
1359 1462 1431 1503 Fi·

80 1530 182 1573 lium
206 1530 283 1572 Dei
300 1529 526 1572 Dominum
551 1543 694 1570 verum
714 1561 724 1577 ,
753 1528 981 1571 Dominum
1005 1530 1161 1571 bonum
1179 1563 1187 1577 ,
1203 1530 1430 1573 Dominum

76 1599 336 1659 sapientem,
360 1600 588 1642 Dominum
612 1599 938 1656 sempiternum,
964 1600 1076 1642 hunc
1102 1616 1121 1642 a
1148 1610 1259 1642 coetu
1290 1617 1433 1643 sacer-

83 1672 233 1720 dotali,
257 1680 298 1712 et
321 1685 412 1712 mea
435 1670 641 1712 sententia
665 1678 706 1711 et
734 1669 922 1711 omnium
944 1671 1251 1713 catholicorum
1275 1671 1432 1728 judicio

85 1742 264 1785 arbitror
283 1741 376 1798 jure
396 1756 485 1783 esse
501 1742 765 1783 damnatum.

139 1812 286 1855 LVIII.
323 1810 502 1852 Sabinus
525 1811 746 1868 episcopus
768 1811 1034 1853 Placentinus
1065 1813 1153 1868 (92)
1177 1811 1300 1854 dixit:
1320 1813 1434 1864 Quo·

83 1883 193 1925 niam
229 1881 391 1924 cunctis
438 1883 696 1939 patefactum
729 1891 814 1929 est,
852 1881 1109 1930 Palladium,
1144 1883 1213 1939 qui
1247 1883 1432 1925 Arrianae

82 1952 268 2010 perfidiae
290 1959 438 1994 auctor
459 1960 543 2000 est,
568 1951 693 1992 etiam
726 1951 815 2007 ejus
852 1951 1107 2008 impietatem
1141 1961 1307 2000 tenere,
1341 1968 1433 2008 quae

84 2032 230 2064 contra
261 2021 500 2078 evangelica
534 2028 576 2061 et
603 2019 828 2077 apostolica
860 2020 1048 2063 instituta
1079 2022 1220 2069 venit,
1248 2022 1355 2078 justa
1394 2023 1434 2064 in

84 2108 179 2135 eum
197 2092 322 2134 totius
336 2091 516 2133 Concilii
539 2092 650 2133 illata
675 2091 879 2133 sententia
899 2100 989 2140 est,
1016 2093 1087 2148 qui
1112 2107 1215 2134 meae
1233 2093 1332 2135 licet
1348 2109 1436 2150 par-

84 2164 220 2206 vitatis
239 2162 443 2204 sentcntia
468 2161 701 2204 sacerdotio
725 2162 863 2203 denuo
887 2162 1094 2219 privatus,
1119 2178 1168 2204 ex
1190 2164 1270 2206 hoc
1294 2178 1437 2206 sacro-

84 2241 229 2275 sancto
249 2240 361 2274 coetu
384 2231 477 2287 jure
494 2232 686 2288 pellatur.

141 2302 259 2344 Felix
279 2309 321 2343 et
354 2300 576 2343 Numidius
608 2302 731 2357 legati
764 2302 961 2343 Afrorum
989 2302 1218 2343 dixerunt:
1254 2301 1438 2344 Arrianae

85 2371 251 2414 haeresis
285 2379 433 2419 sectae,
470 2372 511 2412 in
543 2387 624 2427 qua
656 2372 697 2413 in
732 2372 987 2428 Aquileiensi
1030 2372 1200 2429 Synodo
1231 2372 1438 2414 Palladius

87 2443 322 2485 declaratus
339 2451 401 2483 est
416 2475 425 2491 ‚
449 2442 682 2484 anathema.
708 2442 792 2485 Sed
815 2453 855 2485 et
873 2459 943 2485 eos
961 2443 1030 2500 qui
1050 2452 1196 2485 contra
1219 2444 1435 2486 veritatem

87 2512 264 2557 Nicaenae
286 2512 437 2568 synodi
461 2521 742 2571 repugnantes
765 2521 885 2561 sunt,
912 2514 1256 2556 condemnamus,

143 2580 254 2624 LIX.
291 2580 505 2623 Limenius
529 2581 748 2638 episcopus
772 2581 1047 2624 vercellensis
1066 2581 1168 2623 dixit
1189 2596 1197 2623 :
1217 2582 1440 2625 Arrianam

90 2653 323 2695 doctrinam
358 2667 464 2709 saepe
497 2667 585 2694 esse
608 2653 847 2695 damnatam
872 2653 1137 2695 manifestum
1161 2660 1244 2700 est3
1283 2662 1322 2695 et
1346 2654 1438 2696 ideo
