1774 3158
281 251 331 278 DF.
365 247 537 277 Excusso·
573 246 743 274 1³1³..t'rnts
777 247 838 274 St't
874 247 1041 283 SATYRJ,
1078 249 1154 276 ΗΠ.
1196 250 1221 276 1.
1382 236 1432 278 25

87 327 240 370 bantur
261 343 269 368 :
295 333 459 384 gratum
486 325 561 382 piae
578 324 896 366 necessitudinis
917 326 1121 368 arbitrum
1136 360 1146 376 ,
1176 337 1436 371 constantem

88 397 194 454 :equi
225 397 326 453 juris
351 396 685 452 disceptatorem.

148 468 256 510 th.
298 469 411 509 Inter
431 467 577 507 fratres
602 473 742 506 autem
766 464 898 521 qualis
915 465 1064 515 suerit,
1088 467 1186 509 licet
1209 483 1334 510 omne
1361 469 1439 511 ho-

89 540 252 582 minum
292 552 420 594 genus
444 536 747 581 *benevolentia
786 537 1140 592 complecteretur
1159 570 1169 585 ‚
1212 538 1435 582 indivisum

91 609 391 668 patrimonium
423 609 545 649 docet
569 622 577 648 τ
602 621 680 648 uec
705 606 927 648 distributa
957 616 1027 648 aut
1050 608 1230 651 delibata
1247 643 1257 657 ‚
1280 610 1354 651 sed
1376 626 1443 652 re-

95 688 253 722 servata
279 677 510 720 haereditas.
548 677 715 718 Etenim
740 676 936 732 pietatem
959 676 1037 718 sihi
1066 692 1233 719 causam
1256 694 1345 720 esse
1369 694 1440 720 ne-

94 749 203 806 gavit
231 747 420 790 testandi.
444 746 472 789 'N
488 761 552 787 am
576 746 656 787 hoc
678 761 846 802 quoque
869 746 1018 787 ultimo
1036 761 1230 789 sermone
1249 747 1441 804 signavit,

95 834 191 861 cum
215 833 318 874 quos
345 818 566 865 dilexerat,
596 817 933 862 commendarem
963 816 1041 857 sihi
1066 831 1144 858 nec
1168 817 1308 858 uxoris
1333 818 1441 859 arbi-

96 889 221 932 trium
248 888 371 930 fuisse
407 888 608 929 ducendce
628 919 637 934 ,
672 901 723 927 ne
749 901 768 926 a
798 885 997 926 fratribus
1028 886 1299 928 divelleretur
1330 902 1340 928 ε
1372 903 1449 930 nec

97 958 332 1000 testamenti
357 956 534 998 faciendi
560 958 815 997 voluntatem
832 989 841 1003 ,
867 971 918 997 ne
938 963 1127 997 nostrum
1152 956 1192 996 in
1214 957 1353 1011 aliquo
1383 971 1452 997 ar-

98 1029 269 1070 bitrium
297 1029 532 1069 laederetur.
560 1026 748 1082 Denique
768 1034 809 1067 et
838 1035 980 1067 oratus
1004 1034 1045 1067 et
1067 1026 1310 1067 obsecratus
1338 1041 1356 1067 a
1381 1041 1454 1068 no·

99 1100 187 1148 bis,
215 1099 315 1140 nibil
339 1108 475 1140 tamen
501 1098 769 1138 condendum
797 1096 957 1153 putavit
983 1112 991 1137 :
1017 1111 1100 1137 non
1131 1097 1449 1138 obiitusffamen

99 1183 331 1226 pauperum
357 1200 366 1215 ,
414 1169 485 1208 sed
527 1176 691 1209 tantuin
737 1167 961 1208 obsecratis
1011 1182 1052 1207 es
1064 1181 1107 1207 se
1151 1167 1420 1209 tribuendum
1445 1200 1454 1216 ,

107 1248 309 1296 quantum
328 1238 448 1279 nobis
466 1237 624 1293 justum
644 1237 871 1278 videretur.

159 1309 246 1350 LX.
288 1308 383 1359 Quo
404 1322 486 1348 uno
508 1308 609 1348 satis
624 1316 663 1348 ct
684 1307 810 1347 divini
833 1306 992 1347 timoris
1015 1305 1219 1362 expressit
1239 1306 1459 1354 indicium,

105 1387 145 1421 et
167 1380 359 1421 humanm
380 1378 513 1419 edidit
542 1377 756 1433 religionis
789 1378 1049 1433 exemplum.
1086 1377 1188 1418 Nam
1224 1377 1336 1433 quod
1365 1392 1465 1434 pau-

106 1450 275 1508 peribus
297 1448 493 1495 contulit,
514 1448 602 1488 Deo
626 1447 801 1494 detulit3
826 1447 1025 1502 quoniam
1045 1447 1155 1498 «Qui
1178 1447 1355 1504 largitur
1373 1461 1470 1503 pau-

108 1521 225 1578 »peri
250 1553 258 1566 ,
292 1520 379 1561 Deo
412 1517 710 1559 soenerat¹znet
740 1518 990 1574 postulando
1016 1518 1129 1572 quod
1156 1516 1313 1571 justum
1361 1523 1450 1564 est,

116 1606 199 1633 non
223 1590 441 1646 exiguum,
473 1589 544 1629 sed
569 1595 704 1629 totum
735 1586 918 1642 reliquit.
954 1586 1052 1628 Haec
1078 1586 1191 1628 enim
1224 1594 1286 1627 est
1309 1600 1472 1628 summa

109 1660 305 1719 justitice,
340 1660 522 1700 vendere
555 1673 645 1714 quae
676 1657 848 1709 habeas,
880 1665 922 1698 et
955 1655 1145 1697 conferre
1183 1655 1455 1712 pauperibus.

77 1721 82 1726 ’
126 1750 141 1770 ι(
158 1731 363 1783 Quienim
380 1730 591 1787 dispersit,
617 1728 732 1770 dedit
752 1727 1023 1785 pauperibus,
1046 1726 1204 1783 justitia
1222 1726 1313 1782 ejus
1335 1735 1478 1768 manet

116 1804 196 1845 »in
218 1800 464 1845 aeter11t1m2.
486 1800 623 1854 »Ergo
649 1799 954 1854 dispensatores
973 1813 1071 1843 nos,
1097 1812 1180 1838 non
1206 1798 1394 1839 haeredes
1414 1813 1477 1838 re-

119 1873 270 1930 liquit;,
300 1886 397 1913 nam
428 1869 648 1911 luen-editas
682 1867 913 1910 successori
948 1866 1174 1923 miseritur,
1213 1866 1467 1923 dispensatio

119 1942 374 2001 pauperibus
401 1940 620 1997 obligatur.

174 2013 286 2055 LXI.
326 2011 443 2053 Unde
464 2025 549 2051 uon
567 2008 779 2050 immerito
799 2015 980 2064 quantus
1000 2007 1141 2055 suerit,
1163 2006 1290 2048 hodie
1315 2021 1482 2062 quoque

119 2100 194 2142 per
223 2097 367 2125 vocem
397 2081 565 2124 lectoris
598 2080 760 2137 parvuli
780 2079 999 2136 ..Spiritus
1028 2085 1205 2120 sanctus
1239 2077 1443 2134 expressit
1470 2091 1480 2118 ε

132 2155 365 2196 «Innocens
395 2152 612 2199 manibus,
642 2159 684 2192 et
707 2151 864 2191 mundo
900 2150 1055 2198 corde,
1086 2149 1155 2204 qui
1191 2163 1274 2189 non
1309 2147 1472 2204 accepit

122 2225 194 2266 »iu
211 2239 363 2266 vanum
387 2222 567 2264 animam
591 2236 706 2262 suam
723 2254 733 2268 ,
760 2235 836 2261 nec
856 2219 953 2261 fecit
978 2219 1170 2276 proximo
1195 2233 1270 2259 suo
1295 2219 1441 2260 dolum
1468 2232 1477 2258 ε

124 2294 240 2336 »lunc
263 2302 326 2335 est
347 2292 556 2350 generatio
585 2290 888 2347 requirentium
918 2287 1219 2330 Deun1³.»Hic
1243 2303 1341 2344 ergo
1365 2296 1406 2329 et
1431 2287 1475 2329 in

126 2372 343 2406 »montem
375 2363 542 2404 Domini
575 2363 796 2407 ascendet,
827 2369 866 2401 et
898 2360 936 2401 in
961 2359 1231 2401 tabernaculo
1266 2358 1471 2400 habitabit

127 2434 222 2482 Dei;
248 2433 342 2490 quia
359 2433 601 2490 «Ingressus
628 2432 716 2472 sine
735 2432 916 2479 macuta,
944 2438 1144 2487 operatus
1165 2438 1227 2471 est
1247 2429 1456 2485 justitiam
1472 2460 1481 2476 ,

176 2544 183 2558 ¹
204 2535 298 2568 Prov.
320 2545 431 2573 ix,17.
456 2553 488 2558 —
518 2542 529 2556 ¹
553 2534 633 2567 Psal.
659 2544 726 2569 cxi,
752 2543 783 2574 9.
801 2552 840 2557 -
857 2534 869 2556 ³
890 2532 938 2563 Id.
967 2542 1062 2571 xxm,
1089 2531 1108 2568 4
1139 2536 1170 2563 et
1198 2531 1230 2562 6.
