<?xml version="1.0" encoding="UTF-8"?>
<!DOCTYPE html PUBLIC "-//W3C//DTD XHTML 1.0 Transitional//EN"
    "http://www.w3.org/TR/xhtml1/DTD/xhtml1-transitional.dtd">
<html xmlns="http://www.w3.org/1999/xhtml" xml:lang="en" lang="en">
 <head>
  <title>
</title>
<meta http-equiv="Content-Type" content="text/html;charset=utf-8" />
  <meta name='ocr-system' content='tesseract 3.04.00' />
  <meta name='ocr-capabilities' content='ocr_page ocr_carea ocr_par ocr_line ocrx_word'/>
</head>
<body>
  <div class='ocr_page' id='page_1' title='image "./omniaequaeextant08ambruoft/omniaequaeextant08ambruoft_0506.png"; bbox 0 0 1774 3158; ppageno 0'>
   <div class='ocr_carea' id='block_1_1' title="bbox 264 222 1108 274">
    <p class='ocr_par' dir='ltr' id='par_1_1' title="bbox 264 222 1108 274">
     <span class='ocr_line' id='line_1_1' title="bbox 264 222 1108 274; baseline -0.001 -15"><span class='ocrx_word' id='word_1_1' title='bbox 264 222 350 274; x_wconf 67' lang='lat'><strong>488</strong></span> <span class='ocrx_word' id='word_1_2' title='bbox 770 230 1108 260; x_wconf 67' lang='grc' dir='ltr'><strong>ΑΝΝοΤΔ-ΤιοΝΕε.</strong></span> 
     </span>
    </p>
   </div>
   <div class='ocr_carea' id='block_1_2' title="bbox 259 283 1616 1125">
    <p class='ocr_par' dir='ltr' id='par_1_2' title="bbox 259 283 1616 1125">
     <span class='ocr_line' id='line_1_2' title="bbox 1391 283 1398 297; baseline 0 0"><span class='ocrx_word' id='word_1_3' title='bbox 1391 283 1398 297; x_wconf 86' lang='grc'><em>,</em></span> 
     </span>
     <span class='ocr_line' id='line_1_3' title="bbox 263 309 1615 369; baseline 0.001 -17"><span class='ocrx_word' id='word_1_4' title='bbox 263 312 316 353; x_wconf 82' lang='lat' dir='ltr'><strong>ad</strong></span> <span class='ocrx_word' id='word_1_5' title='bbox 335 311 415 368; x_wconf 85' lang='lat' dir='ltr'><strong>leg.</strong></span> <span class='ocrx_word' id='word_1_6' title='bbox 443 324 502 352; x_wconf 85' lang='lat' dir='ltr'><strong>xn</strong></span> <span class='ocrx_word' id='word_1_7' title='bbox 524 310 576 351; x_wconf 77' lang='lat' dir='ltr'><strong>do</strong></span> <span class='ocrx_word' id='word_1_8' title='bbox 593 309 793 367; x_wconf 76' lang='lat' dir='ltr'><strong>Paganis</strong></span> <span class='ocrx_word' id='word_1_9' title='bbox 810 340 820 359; x_wconf 92' lang='lat'><strong><em>‚</em></strong></span> <span class='ocrx_word' id='word_1_10' title='bbox 845 323 925 365; x_wconf 89' lang='lat' dir='ltr'><strong>qua</strong></span> <span class='ocrx_word' id='word_1_11' title='bbox 948 309 1086 350; x_wconf 88' lang='lat' dir='ltr'><strong>omnia</strong></span> <span class='ocrx_word' id='word_1_12' title='bbox 1115 309 1321 351; x_wconf 83' lang='lat' dir='ltr'><strong>sacrificia</strong></span> <span class='ocrx_word' id='word_1_13' title='bbox 1353 311 1615 369; x_wconf 85' lang='lat' dir='ltr'><strong>deorumque</strong></span> 
     </span>
     <span class='ocr_line' id='line_1_4' title="bbox 262 379 1615 438; baseline 0.001 -14"><span class='ocrx_word' id='word_1_14' title='bbox 262 382 401 424; x_wconf 88' lang='lat' dir='ltr'><strong>cultus</strong></span> <span class='ocrx_word' id='word_1_15' title='bbox 424 380 723 438; x_wconf 83' lang='lat' dir='ltr'><strong>prohibentur,</strong></span> <span class='ocrx_word' id='word_1_16' title='bbox 747 379 1013 422; x_wconf 86' lang='lat' dir='ltr'><strong>Godosredus</strong></span> <span class='ocrx_word' id='word_1_17' title='bbox 1040 388 1243 422; x_wconf 81' lang='lat' dir='ltr'><strong>autumat.</strong></span> <span class='ocrx_word' id='word_1_18' title='bbox 1267 381 1422 423; x_wconf 62' lang='lat' dir='ltr'><strong>Verum</strong></span> <span class='ocrx_word' id='word_1_19' title='bbox 1445 397 1542 425; x_wconf 88' lang='lat' dir='ltr'><strong>cum</strong></span> <span class='ocrx_word' id='word_1_20' title='bbox 1567 399 1615 426; x_wconf 89' lang='lat' dir='ltr'><strong>ea</strong></span> 
     </span>
     <span class='ocr_line' id='line_1_5' title="bbox 259 450 1610 504; baseline 0.001 -10"><span class='ocrx_word' id='word_1_21' title='bbox 259 453 388 495; x_wconf 83' lang='lat' dir='ltr'><strong>lexv1</strong></span> <span class='ocrx_word' id='word_1_22' title='bbox 420 451 517 494; x_wconf 89' lang='lat' dir='ltr'><strong>Idus</strong></span> <span class='ocrx_word' id='word_1_23' title='bbox 539 450 799 494; x_wconf 88' lang='lat' dir='ltr'><strong>Novembres</strong></span> <span class='ocrx_word' id='word_1_24' title='bbox 826 465 934 491; x_wconf 91' lang='lat' dir='ltr'><strong>anno</strong></span> <span class='ocrx_word' id='word_1_25' title='bbox 972 451 1055 504; x_wconf 66' lang='lat'><strong>592</strong></span> <span class='ocrx_word' id='word_1_26' title='bbox 1087 451 1183 492; x_wconf 87' lang='lat' dir='ltr'><strong>data</strong></span> <span class='ocrx_word' id='word_1_27' title='bbox 1218 450 1341 493; x_wconf 83' lang='lat' dir='ltr'><strong>suerit</strong></span> <span class='ocrx_word' id='word_1_28' title='bbox 1361 484 1371 499; x_wconf 90' lang='lat'><strong>,</strong></span> <span class='ocrx_word' id='word_1_29' title='bbox 1405 452 1486 494; x_wconf 83' lang='lat' dir='ltr'><strong>hoc</strong></span> <span class='ocrx_word' id='word_1_30' title='bbox 1519 463 1610 502; x_wconf 87' lang='lat' dir='ltr'><strong>est,</strong></span> 
     </span>
     <span class='ocr_line' id='line_1_6' title="bbox 262 520 1616 579; baseline 0.002 -16"><span class='ocrx_word' id='word_1_31' title='bbox 262 521 452 578; x_wconf 86' lang='lat' dir='ltr'><strong>Eugenio</strong></span> <span class='ocrx_word' id='word_1_32' title='bbox 475 529 571 579; x_wconf 86' lang='lat' dir='ltr'><strong>post</strong></span> <span class='ocrx_word' id='word_1_33' title='bbox 592 529 790 562; x_wconf 88' lang='lat' dir='ltr'><strong>necatum</strong></span> <span class='ocrx_word' id='word_1_34' title='bbox 809 520 950 562; x_wconf 86' lang='lat' dir='ltr'><strong>Idibus</strong></span> <span class='ocrx_word' id='word_1_35' title='bbox 972 520 1087 563; x_wconf 88' lang='lat' dir='ltr'><strong>Maiis</strong></span> <span class='ocrx_word' id='word_1_36' title='bbox 1106 520 1444 563; x_wconf 65' lang='lat' dir='ltr'>Valentinianum</span> <span class='ocrx_word' id='word_1_37' title='bbox 1465 524 1616 567; x_wconf 86' lang='lat' dir='ltr'><strong>solium</strong></span> 
     </span>
     <span class='ocr_line' id='line_1_7' title="bbox 262 590 1616 648; baseline 0.002 -16"><span class='ocrx_word' id='word_1_38' title='bbox 262 598 519 648; x_wconf 80' lang='lat' dir='ltr'><strong>occupante,</strong></span> <span class='ocrx_word' id='word_1_39' title='bbox 562 590 773 632; x_wconf 82' lang='lat' dir='ltr'><strong>Ambrosii</strong></span> <span class='ocrx_word' id='word_1_40' title='bbox 798 591 924 632; x_wconf 87' lang='lat' dir='ltr'><strong>verba</strong></span> <span class='ocrx_word' id='word_1_41' title='bbox 963 605 1045 631; x_wconf 90' lang='lat' dir='ltr'><strong>non</strong></span> <span class='ocrx_word' id='word_1_42' title='bbox 1083 591 1134 631; x_wconf 86' lang='lat' dir='ltr'><strong>ad</strong></span> <span class='ocrx_word' id='word_1_43' title='bbox 1172 591 1285 631; x_wconf 85' lang='lat' dir='ltr'><strong>illam</strong></span> <span class='ocrx_word' id='word_1_44' title='bbox 1312 600 1474 633; x_wconf 89' lang='lat' dir='ltr'><strong>tantum</strong></span> <span class='ocrx_word' id='word_1_45' title='bbox 1493 626 1503 640; x_wconf 95' lang='lat'><strong><em>,</em></strong></span> <span class='ocrx_word' id='word_1_46' title='bbox 1543 595 1616 635; x_wconf 91' lang='lat' dir='ltr'><strong>sed</strong></span> 
     </span>
     <span class='ocr_line' id='line_1_8' title="bbox 263 659 1614 717; baseline 0.001 -14"><span class='ocrx_word' id='word_1_47' title='bbox 263 662 388 704; x_wconf 85' lang='lat' dir='ltr'><strong>etiam</strong></span> <span class='ocrx_word' id='word_1_48' title='bbox 401 662 453 703; x_wconf 90' lang='lat' dir='ltr'><strong>ad</strong></span> <span class='ocrx_word' id='word_1_49' title='bbox 466 661 606 703; x_wconf 87' lang='lat' dir='ltr'><strong>omnia</strong></span> <span class='ocrx_word' id='word_1_50' title='bbox 619 676 710 717; x_wconf 84' lang='lat' dir='ltr'><strong>quae</strong></span> <span class='ocrx_word' id='word_1_51' title='bbox 720 669 899 702; x_wconf 86' lang='lat' dir='ltr'><strong>mortem</strong></span> <span class='ocrx_word' id='word_1_52' title='bbox 914 659 1102 716; x_wconf 86' lang='lat' dir='ltr'><strong>ejusdem</strong></span> <span class='ocrx_word' id='word_1_53' title='bbox 1121 660 1286 716; x_wconf 73' lang='lat' dir='ltr'><strong>tyranni</strong></span> <span class='ocrx_word' id='word_1_54' title='bbox 1299 660 1484 703; x_wconf 84' lang='lat' dir='ltr'><strong>insecuta</strong></span> <span class='ocrx_word' id='word_1_55' title='bbox 1498 671 1614 710; x_wconf 88' lang='lat' dir='ltr'><strong>sunt,</strong></span> 
     </span>
     <span class='ocr_line' id='line_1_9' title="bbox 260 730 1614 788; baseline 0.002 -17"><span class='ocrx_word' id='word_1_56' title='bbox 260 730 408 772; x_wconf 88' lang='lat' dir='ltr'><strong>referri</strong></span> <span class='ocrx_word' id='word_1_57' title='bbox 473 739 669 788; x_wconf 80' lang='lat' dir='ltr'><strong>oportere</strong></span> <span class='ocrx_word' id='word_1_58' title='bbox 691 745 775 772; x_wconf 88' lang='lat' dir='ltr'><strong>non</strong></span> <span class='ocrx_word' id='word_1_59' title='bbox 797 730 1052 772; x_wconf 87' lang='lat' dir='ltr'><strong>dubitamus.</strong></span> <span class='ocrx_word' id='word_1_60' title='bbox 1075 730 1242 771; x_wconf 85' lang='lat' dir='ltr'><strong>Etenim</strong></span> <span class='ocrx_word' id='word_1_61' title='bbox 1269 731 1493 774; x_wconf 87' lang='lat' dir='ltr'><strong>simulacra</strong></span> <span class='ocrx_word' id='word_1_62' title='bbox 1522 747 1614 774; x_wconf 89' lang='lat' dir='ltr'><strong>om-</strong></span> 
     </span>
     <span class='ocr_line' id='line_1_10' title="bbox 261 799 1616 856; baseline 0.001 -14"><span class='ocrx_word' id='word_1_63' title='bbox 261 800 345 849; x_wconf 89' lang='lat' dir='ltr'><strong>nia,</strong></span> <span class='ocrx_word' id='word_1_64' title='bbox 367 809 408 843; x_wconf 88' lang='lat' dir='ltr'><strong>et</strong></span> <span class='ocrx_word' id='word_1_65' title='bbox 423 801 614 843; x_wconf 88' lang='lat' dir='ltr'><strong>universa</strong></span> <span class='ocrx_word' id='word_1_66' title='bbox 633 800 898 842; x_wconf 84' lang='lat' dir='ltr'><strong>victimarum</strong></span> <span class='ocrx_word' id='word_1_67' title='bbox 920 815 1073 856; x_wconf 82' lang='lat' dir='ltr'><strong>genera</strong></span> <span class='ocrx_word' id='word_1_68' title='bbox 1096 808 1188 856; x_wconf 89' lang='lat' dir='ltr'><strong>post</strong></span> <span class='ocrx_word' id='word_1_69' title='bbox 1208 799 1463 843; x_wconf 86' lang='lat' dir='ltr'><strong>victoriama</strong></span> <span class='ocrx_word' id='word_1_70' title='bbox 1481 801 1616 845; x_wconf 89' lang='lat' dir='ltr'><strong>Theo·</strong></span> 
     </span>
     <span class='ocr_line' id='line_1_11' title="bbox 263 871 1615 928; baseline 0.001 -15"><span class='ocrx_word' id='word_1_71' title='bbox 263 871 384 913; x_wconf 87' lang='lat' dir='ltr'><strong>dosio</strong></span> <span class='ocrx_word' id='word_1_72' title='bbox 409 872 572 914; x_wconf 86' lang='lat' dir='ltr'><strong>sublata</strong></span> <span class='ocrx_word' id='word_1_73' title='bbox 597 887 687 913; x_wconf 87' lang='lat' dir='ltr'><strong>esse</strong></span> <span class='ocrx_word' id='word_1_74' title='bbox 709 886 794 912; x_wconf 90' lang='lat' dir='ltr'><strong>non</strong></span> <span class='ocrx_word' id='word_1_75' title='bbox 817 872 952 912; x_wconf 80' lang='lat' dir='ltr'><strong>solum</strong></span> <span class='ocrx_word' id='word_1_76' title='bbox 977 879 1185 913; x_wconf 82' lang='lat' dir='ltr'><strong>testantur</strong></span> <span class='ocrx_word' id='word_1_77' title='bbox 1210 871 1470 928; x_wconf 85' lang='lat' dir='ltr'><strong>Augustinus</strong></span> <span class='ocrx_word' id='word_1_78' title='bbox 1492 873 1563 914; x_wconf 85' lang='lat' dir='ltr'><strong>lib.</strong></span> <span class='ocrx_word' id='word_1_79' title='bbox 1593 888 1615 914; x_wconf 90' lang='lat' dir='ltr'><strong>v</strong></span> 
     </span>
     <span class='ocr_line' id='line_1_12' title="bbox 263 942 1608 999; baseline 0.001 -15"><span class='ocrx_word' id='word_1_80' title='bbox 263 942 316 984; x_wconf 77' lang='lat' dir='ltr'><strong>de</strong></span> <span class='ocrx_word' id='word_1_81' title='bbox 337 942 471 984; x_wconf 73' lang='lat' dir='ltr'><strong>Civit.</strong></span> <span class='ocrx_word' id='word_1_82' title='bbox 489 943 597 991; x_wconf 73' lang='lat' dir='ltr'><strong>Dei,</strong></span> <span class='ocrx_word' id='word_1_83' title='bbox 624 957 717 998; x_wconf 86' lang='lat' dir='ltr'><strong>cap.</strong></span> <span class='ocrx_word' id='word_1_84' title='bbox 742 942 1118 985; x_wconf 84' lang='lat' dir='ltr'><strong>26.Theodoretus</strong></span> <span class='ocrx_word' id='word_1_85' title='bbox 1145 943 1265 984; x_wconf 78' lang='lat' dir='ltr'><strong>Ilist.</strong></span> <span class='ocrx_word' id='word_1_86' title='bbox 1286 943 1360 984; x_wconf 91' lang='lat' dir='ltr'><strong>lib.</strong></span> <span class='ocrx_word' id='word_1_87' title='bbox 1387 959 1427 992; x_wconf 91' lang='lat' dir='ltr'><strong>v,</strong></span> <span class='ocrx_word' id='word_1_88' title='bbox 1449 957 1539 999; x_wconf 87' lang='lat' dir='ltr'><strong>cap.</strong></span> <span class='ocrx_word' id='word_1_89' title='bbox 1563 958 1608 985; x_wconf 82' lang='lat'><strong>21</strong></span> 
     </span>
     <span class='ocr_line' id='line_1_13' title="bbox 262 1011 1615 1069; baseline 0 -15"><span class='ocrx_word' id='word_1_90' title='bbox 262 1021 385 1069; x_wconf 87' lang='lat' dir='ltr'><strong>atque</strong></span> <span class='ocrx_word' id='word_1_91' title='bbox 397 1012 466 1054; x_wconf 90' lang='lat' dir='ltr'><strong>alii</strong></span> <span class='ocrx_word' id='word_1_92' title='bbox 482 1011 708 1054; x_wconf 83' lang='lat' dir='ltr'><strong>Christiani</strong></span> <span class='ocrx_word' id='word_1_93' title='bbox 731 1020 923 1054; x_wconf 84' lang='lat' dir='ltr'><strong>auctores</strong></span> <span class='ocrx_word' id='word_1_94' title='bbox 939 1044 950 1059; x_wconf 89' lang='lat'><strong>,</strong></span> <span class='ocrx_word' id='word_1_95' title='bbox 974 1012 1249 1054; x_wconf 82' lang='lat' dir='ltr'><strong>verumetiam</strong></span> <span class='ocrx_word' id='word_1_96' title='bbox 1266 1012 1467 1056; x_wconf 84' lang='lat' dir='ltr'><strong>Zozimus</strong></span> <span class='ocrx_word' id='word_1_97' title='bbox 1485 1013 1558 1056; x_wconf 89' lang='lat' dir='ltr'><strong>lib.</strong></span> <span class='ocrx_word' id='word_1_98' title='bbox 1578 1029 1615 1055; x_wconf 74' lang='lat' dir='ltr'><strong>xv</strong></span> 
     </span>
     <span class='ocr_line' id='line_1_14' title="bbox 260 1081 1242 1125; baseline -0.001 0"><span class='ocrx_word' id='word_1_99' title='bbox 260 1081 428 1125; x_wconf 74' lang='lat' dir='ltr'><strong>Histor.</strong></span> <span class='ocrx_word' id='word_1_100' title='bbox 453 1082 566 1125; x_wconf 87' lang='lat' dir='ltr'><strong>hanc</strong></span> <span class='ocrx_word' id='word_1_101' title='bbox 588 1082 780 1124; x_wconf 87' lang='lat' dir='ltr'><strong>eamdem</strong></span> <span class='ocrx_word' id='word_1_102' title='bbox 802 1097 893 1124; x_wconf 88' lang='lat' dir='ltr'><strong>rem</strong></span> <span class='ocrx_word' id='word_1_103' title='bbox 915 1081 1006 1124; x_wconf 85' lang='lat' dir='ltr'><strong>fuse</strong></span> <span class='ocrx_word' id='word_1_104' title='bbox 1026 1082 1242 1124; x_wconf 83' lang='lat' dir='ltr'><strong>describit.</strong></span> 
     </span>
    </p>
   </div>
   <div class='ocr_carea' id='block_1_3' title="bbox 621 1233 1263 1291">
    <p class='ocr_par' dir='ltr' id='par_1_3' title="bbox 621 1233 1263 1291">
     <span class='ocr_line' id='line_1_15' title="bbox 621 1233 1263 1291; baseline -0.002 -16"><span class='ocrx_word' id='word_1_105' title='bbox 621 1248 867 1276; x_wconf 61' lang='grc' dir='ltr'><strong>ΑΝΝΟΤΑΤΙΟ</strong></span> <span class='ocrx_word' id='word_1_106' title='bbox 904 1233 994 1288; x_wconf 83' lang='lat'>(52)</span> <span class='ocrx_word' id='word_1_107' title='bbox 1033 1248 1126 1291; x_wconf 86' lang='lat' dir='ltr'><strong>pag.</strong></span> <span class='ocrx_word' id='word_1_108' title='bbox 1169 1246 1263 1289; x_wconf 86' lang='lat'><strong>119.</strong></span> 
     </span>
    </p>
   </div>
   <div class='ocr_carea' id='block_1_4' title="bbox 260 1368 1618 1628">
    <p class='ocr_par' dir='ltr' id='par_1_4' title="bbox 260 1368 1618 1628">
     <span class='ocr_line' id='line_1_16' title="bbox 320 1368 1618 1429; baseline 0 -15"><span class='ocrx_word' id='word_1_109' title='bbox 320 1371 513 1415; x_wconf 76' lang='lat' dir='ltr'><strong>Vidimus</strong></span> <span class='ocrx_word' id='word_1_110' title='bbox 535 1371 622 1428; x_wconf 87' lang='lat' dir='ltr'><strong>jam</strong></span> <span class='ocrx_word' id='word_1_111' title='bbox 646 1385 772 1428; x_wconf 88' lang='lat' dir='ltr'><strong>supra</strong></span> <span class='ocrx_word' id='word_1_112' title='bbox 796 1385 848 1413; x_wconf 88' lang='lat' dir='ltr'><strong>ex</strong></span> <span class='ocrx_word' id='word_1_113' title='bbox 868 1368 998 1428; x_wconf 88' lang='lat' dir='ltr'><strong>ipsius</strong></span> <span class='ocrx_word' id='word_1_114' title='bbox 1018 1369 1179 1413; x_wconf 90' lang='lat' dir='ltr'><strong>Zozimi</strong></span> <span class='ocrx_word' id='word_1_115' title='bbox 1205 1368 1446 1411; x_wconf 86' lang='lat' dir='ltr'><strong>testimonio</strong></span> <span class='ocrx_word' id='word_1_116' title='bbox 1477 1368 1525 1412; x_wconf 88' lang='lat' dir='ltr'><strong>iis</strong></span> <span class='ocrx_word' id='word_1_117' title='bbox 1547 1385 1618 1429; x_wconf 91' lang='lat' dir='ltr'><strong>pe-</strong></span> 
     </span>
     <span class='ocr_line' id='line_1_17' title="bbox 260 1439 1618 1501; baseline -0.002 -16"><span class='ocrx_word' id='word_1_118' title='bbox 260 1443 447 1501; x_wconf 78' lang='lat' dir='ltr'><strong>percisse</strong></span> <span class='ocrx_word' id='word_1_119' title='bbox 470 1441 760 1485; x_wconf 87' lang='lat' dir='ltr'><strong>Theodosium</strong></span> <span class='ocrx_word' id='word_1_120' title='bbox 777 1471 788 1491; x_wconf 92' lang='lat'>,</span> <span class='ocrx_word' id='word_1_121' title='bbox 813 1440 885 1497; x_wconf 90' lang='lat' dir='ltr'><strong>qui</strong></span> <span class='ocrx_word' id='word_1_122' title='bbox 909 1447 1114 1482; x_wconf 82' lang='lat' dir='ltr'><strong>steterant</strong></span> <span class='ocrx_word' id='word_1_123' title='bbox 1132 1439 1183 1481; x_wconf 88' lang='lat' dir='ltr'><strong>ab</strong></span> <span class='ocrx_word' id='word_1_124' title='bbox 1205 1439 1409 1496; x_wconf 85' lang='lat' dir='ltr'><strong>Eugenio.</strong></span> <span class='ocrx_word' id='word_1_125' title='bbox 1440 1441 1530 1482; x_wconf 89' lang='lat' dir='ltr'><strong>Hoc</strong></span> <span class='ocrx_word' id='word_1_126' title='bbox 1551 1440 1618 1498; x_wconf 84' lang='lat' dir='ltr'><strong>ip-</strong></span> 
     </span>
     <span class='ocr_line' id='line_1_18' title="bbox 263 1509 1609 1569; baseline -0.002 -13"><span class='ocrx_word' id='word_1_127' title='bbox 263 1529 356 1556; x_wconf 92' lang='lat' dir='ltr'><strong>sum</strong></span> <span class='ocrx_word' id='word_1_128' title='bbox 389 1512 646 1555; x_wconf 89' lang='lat' dir='ltr'><strong>Claudianus</strong></span> <span class='ocrx_word' id='word_1_129' title='bbox 683 1524 853 1568; x_wconf 91' lang='lat' dir='ltr'><strong>quoque</strong></span> <span class='ocrx_word' id='word_1_130' title='bbox 877 1509 918 1552; x_wconf 90' lang='lat' dir='ltr'><strong>in</strong></span> <span class='ocrx_word' id='word_1_131' title='bbox 943 1510 1164 1569; x_wconf 82' lang='lat' dir='ltr'><strong>Panegyr.</strong></span> <span class='ocrx_word' id='word_1_132' title='bbox 1191 1525 1231 1552; x_wconf 93' lang='lat' dir='ltr'><strong>1v</strong></span> <span class='ocrx_word' id='word_1_133' title='bbox 1252 1511 1418 1552; x_wconf 76' lang='lat' dir='ltr'><strong>consul.</strong></span> <span class='ocrx_word' id='word_1_134' title='bbox 1438 1511 1609 1554; x_wconf 83' lang='lat' dir='ltr'><strong>Honor.</strong></span> 
     </span>
     <span class='ocr_line' id='line_1_19' title="bbox 265 1583 816 1628; baseline -0.007 -1"><span class='ocrx_word' id='word_1_135' title='bbox 265 1585 455 1628; x_wconf 88' lang='lat' dir='ltr'><strong>celebrat</strong></span> <span class='ocrx_word' id='word_1_136' title='bbox 480 1583 568 1627; x_wconf 89' lang='lat' dir='ltr'><strong>istis</strong></span> <span class='ocrx_word' id='word_1_137' title='bbox 591 1583 780 1626; x_wconf 89' lang='lat' dir='ltr'><strong>versibus</strong></span> <span class='ocrx_word' id='word_1_138' title='bbox 807 1597 816 1623; x_wconf 75' lang='grc' dir='ltr'>ε</span> 
     </span>
    </p>
   </div>
   <div class='ocr_carea' id='block_1_5' title="bbox 381 1679 1421 1810">
    <p class='ocr_par' dir='ltr' id='par_1_5' title="bbox 381 1679 1421 1810">
     <span class='ocr_line' id='line_1_20' title="bbox 385 1679 1421 1735; baseline -0.002 -12"><span class='ocrx_word' id='word_1_139' title='bbox 385 1683 485 1724; x_wconf 76' lang='lat' dir='ltr'><strong>Post</strong></span> <span class='ocrx_word' id='word_1_140' title='bbox 507 1681 644 1730; x_wconf 74' lang='lat' dir='ltr'><strong>acies,</strong></span> <span class='ocrx_word' id='word_1_141' title='bbox 674 1680 788 1723; x_wconf 73' lang='lat' dir='ltr'><strong>odiis</strong></span> <span class='ocrx_word' id='word_1_142' title='bbox 806 1680 924 1721; x_wconf 77' lang='lat' dir='ltr'><strong>idem</strong></span> <span class='ocrx_word' id='word_1_143' title='bbox 947 1679 1022 1735; x_wconf 80' lang='lat' dir='ltr'><strong>qui</strong></span> <span class='ocrx_word' id='word_1_144' title='bbox 1046 1679 1260 1721; x_wconf 76' lang='lat' dir='ltr'><strong>terminus</strong></span> <span class='ocrx_word' id='word_1_145' title='bbox 1279 1679 1421 1721; x_wconf 77' lang='lat' dir='ltr'><strong>armis</strong></span> 
     </span>
     <span class='ocr_line' id='line_1_21' title="bbox 381 1751 1139 1810; baseline -0.001 -16"><span class='ocrx_word' id='word_1_146' title='bbox 381 1753 563 1810; x_wconf 79' lang='lat' dir='ltr'><strong>Profuit</strong></span> <span class='ocrx_word' id='word_1_147' title='bbox 586 1752 665 1794; x_wconf 82' lang='lat' dir='ltr'><strong>hoo</strong></span> <span class='ocrx_word' id='word_1_148' title='bbox 686 1752 890 1793; x_wconf 71' lang='lat' dir='ltr'><strong>vincente</strong></span> <span class='ocrx_word' id='word_1_149' title='bbox 910 1751 1035 1808; x_wconf 79' lang='lat' dir='ltr'><strong>capi,</strong></span> <span class='ocrx_word' id='word_1_150' title='bbox 1059 1759 1139 1793; x_wconf 83' lang='lat' dir='ltr'><strong>etc.</strong></span> 
     </span>
    </p>
   </div>
   <div class='ocr_carea' id='block_1_6' title="bbox 260 1850 1620 2618">
    <p class='ocr_par' dir='ltr' id='par_1_6' title="bbox 260 1850 1620 2618">
     <span class='ocr_line' id='line_1_22' title="bbox 262 1850 1618 1909; baseline -0.003 -11"><span class='ocrx_word' id='word_1_151' title='bbox 262 1856 347 1898; x_wconf 90' lang='lat' dir='ltr'><strong>Sed</strong></span> <span class='ocrx_word' id='word_1_152' title='bbox 370 1853 549 1897; x_wconf 87' lang='lat' dir='ltr'><strong>Orosius</strong></span> <span class='ocrx_word' id='word_1_153' title='bbox 574 1850 815 1894; x_wconf 87' lang='lat' dir='ltr'><strong>distinctius</strong></span> <span class='ocrx_word' id='word_1_154' title='bbox 839 1850 1011 1908; x_wconf 88' lang='lat' dir='ltr'><strong>exponit</strong></span> <span class='ocrx_word' id='word_1_155' title='bbox 1033 1850 1105 1892; x_wconf 91' lang='lat' dir='ltr'><strong>lib.</strong></span> <span class='ocrx_word' id='word_1_156' title='bbox 1134 1865 1216 1898; x_wconf 80' lang='lat' dir='ltr'><strong>vn,</strong></span> <span class='ocrx_word' id='word_1_157' title='bbox 1237 1864 1329 1908; x_wconf 89' lang='lat' dir='ltr'><strong>cap.</strong></span> <span class='ocrx_word' id='word_1_158' title='bbox 1362 1850 1416 1892; x_wconf 83' lang='lat'><strong>55</strong></span> <span class='ocrx_word' id='word_1_159' title='bbox 1432 1883 1443 1898; x_wconf 86' lang='lat'><em>,</em></span> <span class='ocrx_word' id='word_1_160' title='bbox 1466 1859 1618 1909; x_wconf 86' lang='lat' dir='ltr'><strong>praeter</strong></span> 
     </span>
     <span class='ocr_line' id='line_1_23' title="bbox 261 1920 1620 1984; baseline -0.004 -15"><span class='ocrx_word' id='word_1_161' title='bbox 261 1925 500 1984; x_wconf 82' lang='lat' dir='ltr'><strong>Eugenium</strong></span> <span class='ocrx_word' id='word_1_162' title='bbox 517 1955 529 1972; x_wconf 91' lang='lat'><strong>,</strong></span> <span class='ocrx_word' id='word_1_163' title='bbox 554 1921 626 1980; x_wconf 91' lang='lat' dir='ltr'><strong>qui</strong></span> <span class='ocrx_word' id='word_1_164' title='bbox 648 1929 795 1979; x_wconf 89' lang='lat' dir='ltr'><strong>captus</strong></span> <span class='ocrx_word' id='word_1_165' title='bbox 812 1921 889 1962; x_wconf 79' lang='lat' dir='ltr'><strong>fuit</strong></span> <span class='ocrx_word' id='word_1_166' title='bbox 918 1929 1042 1977; x_wconf 91' lang='lat' dir='ltr'><strong>atque</strong></span> <span class='ocrx_word' id='word_1_167' title='bbox 1063 1920 1313 1963; x_wconf 85' lang='lat' dir='ltr'><strong>interfectus</strong></span> <span class='ocrx_word' id='word_1_168' title='bbox 1329 1953 1338 1969; x_wconf 89' lang='lat'><strong>,</strong></span> <span class='ocrx_word' id='word_1_169' title='bbox 1355 1929 1398 1963; x_wconf 86' lang='lat' dir='ltr'><strong>et</strong></span> <span class='ocrx_word' id='word_1_170' title='bbox 1413 1920 1620 1979; x_wconf 87' lang='lat' dir='ltr'><strong>Arbogas·</strong></span> 
     </span>
     <span class='ocr_line' id='line_1_24' title="bbox 262 1992 1619 2053; baseline -0.004 -13"><span class='ocrx_word' id='word_1_171' title='bbox 262 2008 346 2041; x_wconf 84' lang='lat' dir='ltr'><strong>tom</strong></span> <span class='ocrx_word' id='word_1_172' title='bbox 364 2030 375 2046; x_wconf 89' lang='lat'>‚</span> <span class='ocrx_word' id='word_1_173' title='bbox 402 1996 474 2053; x_wconf 90' lang='lat' dir='ltr'><strong>qui</strong></span> <span class='ocrx_word' id='word_1_174' title='bbox 496 1993 717 2053; x_wconf 88' lang='lat' dir='ltr'><strong>proprium</strong></span> <span class='ocrx_word' id='word_1_175' title='bbox 740 1993 928 2050; x_wconf 83' lang='lat' dir='ltr'><strong>gladium</strong></span> <span class='ocrx_word' id='word_1_176' title='bbox 958 1992 1000 2034; x_wconf 90' lang='lat' dir='ltr'><strong>in</strong></span> <span class='ocrx_word' id='word_1_177' title='bbox 1025 2007 1068 2034; x_wconf 89' lang='lat' dir='ltr'><strong>se</strong></span> <span class='ocrx_word' id='word_1_178' title='bbox 1092 1992 1320 2041; x_wconf 80' lang='lat' dir='ltr'><strong>convertit,</strong></span> <span class='ocrx_word' id='word_1_179' title='bbox 1344 1992 1559 2034; x_wconf 87' lang='lat' dir='ltr'><strong>nemiuem</strong></span> <span class='ocrx_word' id='word_1_180' title='bbox 1595 2007 1619 2035; x_wconf 87' lang='lat' dir='ltr'><strong>e</strong></span> 
     </span>
     <span class='ocr_line' id='line_1_25' title="bbox 262 2062 1613 2120; baseline -0.004 -8"><span class='ocrx_word' id='word_1_181' title='bbox 262 2068 382 2112; x_wconf 83' lang='lat' dir='ltr'><strong>victis</strong></span> <span class='ocrx_word' id='word_1_182' title='bbox 405 2067 595 2110; x_wconf 85' lang='lat' dir='ltr'><strong>occisum</strong></span> <span class='ocrx_word' id='word_1_183' title='bbox 624 2079 729 2107; x_wconf 89' lang='lat' dir='ltr'><strong>esse.</strong></span> <span class='ocrx_word' id='word_1_184' title='bbox 753 2063 1013 2120; x_wconf 86' lang='lat' dir='ltr'><strong>Augustinus</strong></span> <span class='ocrx_word' id='word_1_185' title='bbox 1037 2077 1207 2120; x_wconf 90' lang='lat' dir='ltr'><strong>quoque</strong></span> <span class='ocrx_word' id='word_1_186' title='bbox 1229 2063 1302 2105; x_wconf 91' lang='lat' dir='ltr'><strong>lib.</strong></span> <span class='ocrx_word' id='word_1_187' title='bbox 1336 2077 1360 2104; x_wconf 91' lang='lat' dir='ltr'>v</span> <span class='ocrx_word' id='word_1_188' title='bbox 1390 2062 1442 2104; x_wconf 70' lang='lat' dir='ltr'><strong>de</strong></span> <span class='ocrx_word' id='word_1_189' title='bbox 1478 2063 1613 2106; x_wconf 73' lang='lat' dir='ltr'><strong>Civit.</strong></span> 
     </span>
     <span class='ocr_line' id='line_1_26' title="bbox 263 2134 1618 2196; baseline -0.005 -14"><span class='ocrx_word' id='word_1_190' title='bbox 263 2140 364 2188; x_wconf 70' lang='lat' dir='ltr'><strong>Dei,</strong></span> <span class='ocrx_word' id='word_1_191' title='bbox 385 2154 475 2196; x_wconf 88' lang='lat' dir='ltr'><strong>cap.</strong></span> <span class='ocrx_word' id='word_1_192' title='bbox 502 2140 573 2189; x_wconf 82' lang='lat'><strong>26,</strong></span> <span class='ocrx_word' id='word_1_193' title='bbox 599 2137 769 2179; x_wconf 87' lang='lat' dir='ltr'><strong>laudata</strong></span> <span class='ocrx_word' id='word_1_194' title='bbox 786 2134 1015 2177; x_wconf 86' lang='lat' dir='ltr'><strong>Theodosii</strong></span> <span class='ocrx_word' id='word_1_195' title='bbox 1053 2150 1150 2192; x_wconf 86' lang='lat' dir='ltr'><strong>erga</strong></span> <span class='ocrx_word' id='word_1_196' title='bbox 1173 2148 1321 2175; x_wconf 89' lang='lat' dir='ltr'><strong>eorum</strong></span> <span class='ocrx_word' id='word_1_197' title='bbox 1347 2134 1418 2190; x_wconf 92' lang='lat' dir='ltr'><strong>qui</strong></span> <span class='ocrx_word' id='word_1_198' title='bbox 1448 2135 1490 2176; x_wconf 91' lang='lat' dir='ltr'><strong>in</strong></span> <span class='ocrx_word' id='word_1_199' title='bbox 1529 2135 1618 2176; x_wconf 90' lang='lat' dir='ltr'><strong>acie</strong></span> 
     </span>
     <span class='ocr_line' id='line_1_27' title="bbox 265 2205 1618 2262; baseline -0.004 -9"><span class='ocrx_word' id='word_1_200' title='bbox 265 2211 534 2258; x_wconf 79' lang='lat' dir='ltr'><strong>ceciderant,</strong></span> <span class='ocrx_word' id='word_1_201' title='bbox 568 2207 676 2250; x_wconf 84' lang='lat' dir='ltr'><strong>filios</strong></span> <span class='ocrx_word' id='word_1_202' title='bbox 701 2205 950 2254; x_wconf 89' lang='lat' dir='ltr'><strong>clementia,</strong></span> <span class='ocrx_word' id='word_1_203' title='bbox 976 2205 1194 2262; x_wconf 84' lang='lat' dir='ltr'><strong>subjungit</strong></span> <span class='ocrx_word' id='word_1_204' title='bbox 1216 2221 1314 2248; x_wconf 81' lang='lat' dir='ltr'><strong>eum</strong></span> <span class='ocrx_word' id='word_1_205' title='bbox 1343 2221 1429 2248; x_wconf 90' lang='lat' dir='ltr'><strong>non</strong></span> <span class='ocrx_word' id='word_1_206' title='bbox 1460 2206 1618 2262; x_wconf 84' lang='lat' dir='ltr'><strong>permi-</strong></span> 
     </span>
     <span class='ocr_line' id='line_1_28' title="bbox 265 2276 1619 2337; baseline -0.005 -13"><span class='ocrx_word' id='word_1_207' title='bbox 265 2284 390 2330; x_wconf 87' lang='lat' dir='ltr'><strong>sisse,</strong></span> <span class='ocrx_word' id='word_1_208' title='bbox 419 2289 467 2322; x_wconf 89' lang='lat' dir='ltr'><strong>ut</strong></span> <span class='ocrx_word' id='word_1_209' title='bbox 498 2287 592 2337; x_wconf 85' lang='lat' dir='ltr'><strong>post</strong></span> <span class='ocrx_word' id='word_1_210' title='bbox 614 2278 833 2320; x_wconf 89' lang='lat' dir='ltr'><strong>victoriam</strong></span> <span class='ocrx_word' id='word_1_211' title='bbox 860 2277 1032 2333; x_wconf 85' lang='lat' dir='ltr'><strong>privatae</strong></span> <span class='ocrx_word' id='word_1_212' title='bbox 1055 2276 1306 2333; x_wconf 86' lang='lat' dir='ltr'><strong>cujusquam</strong></span> <span class='ocrx_word' id='word_1_213' title='bbox 1336 2277 1523 2318; x_wconf 85' lang='lat' dir='ltr'><strong>valerent</strong></span> <span class='ocrx_word' id='word_1_214' title='bbox 1544 2276 1619 2318; x_wconf 91' lang='lat' dir='ltr'><strong>ini-</strong></span> 
     </span>
     <span class='ocr_line' id='line_1_29' title="bbox 263 2346 1616 2403; baseline -0.004 -9"><span class='ocrx_word' id='word_1_215' title='bbox 263 2351 450 2395; x_wconf 87' lang='lat' dir='ltr'><strong>micitiae.</strong></span> <span class='ocrx_word' id='word_1_216' title='bbox 480 2349 784 2392; x_wconf 86' lang='lat' dir='ltr'><strong>Verumtamen</strong></span> <span class='ocrx_word' id='word_1_217' title='bbox 806 2363 856 2389; x_wconf 88' lang='lat' dir='ltr'><strong>ex</strong></span> <span class='ocrx_word' id='word_1_218' title='bbox 887 2347 969 2389; x_wconf 88' lang='lat' dir='ltr'><strong>hoc</strong></span> <span class='ocrx_word' id='word_1_219' title='bbox 993 2346 1207 2389; x_wconf 86' lang='lat' dir='ltr'><strong>Ambrosii</strong></span> <span class='ocrx_word' id='word_1_220' title='bbox 1229 2348 1324 2388; x_wconf 88' lang='lat' dir='ltr'><strong>loco</strong></span> <span class='ocrx_word' id='word_1_221' title='bbox 1346 2346 1616 2403; x_wconf 85' lang='lat' dir='ltr'><strong>intelligimus</strong></span> 
     </span>
     <span class='ocr_line' id='line_1_30' title="bbox 265 2417 1617 2477; baseline -0.003 -13"><span class='ocrx_word' id='word_1_222' title='bbox 265 2424 405 2465; x_wconf 86' lang='lat' dir='ltr'><strong>datam</strong></span> <span class='ocrx_word' id='word_1_223' title='bbox 429 2421 479 2463; x_wconf 86' lang='lat' dir='ltr'><strong>ab</strong></span> <span class='ocrx_word' id='word_1_224' title='bbox 506 2419 761 2477; x_wconf 86' lang='lat' dir='ltr'><strong>imperatore</strong></span> <span class='ocrx_word' id='word_1_225' title='bbox 785 2418 1110 2474; x_wconf 83' lang='lat' dir='ltr'><strong>indulgentiam,</strong></span> <span class='ocrx_word' id='word_1_226' title='bbox 1135 2433 1189 2460; x_wconf 92' lang='lat' dir='ltr'><strong>ne</strong></span> <span class='ocrx_word' id='word_1_227' title='bbox 1215 2419 1268 2460; x_wconf 89' lang='lat' dir='ltr'><strong>ad</strong></span> <span class='ocrx_word' id='word_1_228' title='bbox 1289 2417 1449 2475; x_wconf 88' lang='lat' dir='ltr'><strong>aliquos</strong></span> <span class='ocrx_word' id='word_1_229' title='bbox 1466 2432 1617 2475; x_wconf 90' lang='lat' dir='ltr'><strong>perve-</strong></span> 
     </span>
     <span class='ocr_line' id='line_1_31' title="bbox 261 2487 1616 2549; baseline -0.004 -12"><span class='ocrx_word' id='word_1_230' title='bbox 261 2493 400 2541; x_wconf 87' lang='lat' dir='ltr'><strong>niret,</strong></span> <span class='ocrx_word' id='word_1_231' title='bbox 425 2492 708 2549; x_wconf 89' lang='lat' dir='ltr'><strong>quorumdam</strong></span> <span class='ocrx_word' id='word_1_232' title='bbox 729 2489 1072 2547; x_wconf 87' lang='lat' dir='ltr'><strong>interpellatione</strong></span> <span class='ocrx_word' id='word_1_233' title='bbox 1098 2488 1372 2547; x_wconf 89' lang='lat' dir='ltr'><strong>prohibitam.</strong></span> <span class='ocrx_word' id='word_1_234' title='bbox 1406 2487 1458 2530; x_wconf 87' lang='lat' dir='ltr'><strong>Et</strong></span> <span class='ocrx_word' id='word_1_235' title='bbox 1499 2497 1616 2532; x_wconf 85' lang='lat' dir='ltr'><strong>certe</strong></span> 
     </span>
     <span class='ocr_line' id='line_1_32' title="bbox 260 2558 1616 2618; baseline -0.004 -9"><span class='ocrx_word' id='word_1_236' title='bbox 260 2580 346 2609; x_wconf 88' lang='lat' dir='ltr'><strong>non</strong></span> <span class='ocrx_word' id='word_1_237' title='bbox 361 2563 559 2609; x_wconf 90' lang='lat' dir='ltr'><strong>omnibus</strong></span> <span class='ocrx_word' id='word_1_238' title='bbox 576 2562 715 2607; x_wconf 87' lang='lat' dir='ltr'><strong>statim</strong></span> <span class='ocrx_word' id='word_1_239' title='bbox 728 2561 891 2606; x_wconf 84' lang='lat' dir='ltr'><strong>veniam</strong></span> <span class='ocrx_word' id='word_1_240' title='bbox 903 2576 1148 2607; x_wconf 84' lang='lat' dir='ltr'><strong>concessam</strong></span> <span class='ocrx_word' id='word_1_241' title='bbox 1161 2558 1288 2605; x_wconf 75' lang='lat' dir='ltr'><strong>luisse</strong></span> <span class='ocrx_word' id='word_1_242' title='bbox 1300 2559 1416 2605; x_wconf 88' lang='lat' dir='ltr'><strong>testis</strong></span> <span class='ocrx_word' id='word_1_243' title='bbox 1431 2568 1495 2604; x_wconf 83' lang='lat' dir='ltr'><strong>est</strong></span> <span class='ocrx_word' id='word_1_244' title='bbox 1510 2559 1520 2602; x_wconf 92' lang='lat' dir='ltr'><strong>i</strong></span> <span class='ocrx_word' id='word_1_245' title='bbox 1525 2575 1616 2618; x_wconf 86' lang='lat' dir='ltr'><strong>pse·</strong></span> 
     </span>
    </p>
   </div>
  </div>
 </body>
</html>
