1774 3158
269 209 351 251 520
771 220 1108 250 ANNOTATioNES.

268 299 424 356 regiam
458 298 598 356 palatii
621 297 661 340 in
695 298 755 340 itu
787 307 911 355 atque
948 300 1087 341 reditu
1107 298 1125 341 Ξ)
1148 300 1202 342 Ut
1223 299 1479 357 intelligatur
1502 299 1620 342 illum

271 369 516 410 diverticula
547 383 631 409 non
666 368 904 424 quaesiisse‚
943 377 1014 410 aut
1048 369 1286 425 obliquasse
1319 370 1420 420 iter,
1445 370 1545 412 dum
1570 370 1621 411 ad

268 438 469 494 Martyres
495 437 710 486 tenderet,
739 453 792 479 ne
812 439 984 495 Regiam
1004 440 1251 496 praeteriret.

608 595 851 624 ANNOTATio
884 584 1013 639 (129)
1051 596 1142 640 pag.
1184 584 1279 633 348.

335 716 538 760 Curiales
570 717 820 760 dicebantur
843 718 883 761 hi
902 751 911 766 ‚
942 719 1012 775 qui
1042 718 1354 777 magistratibus
1387 728 1511 775 atque
1539 717 1626 760 offi-

277 787 350 828 ciis
373 787 698 845 municipalibus
722 788 1016 845 fungebantur.
1038 791 1100 831 De
1127 790 1279 846 quibus
1303 790 1397 831 vide
1418 790 1626 845 Bulenge·

275 872 368 897 rum
392 857 442 897 de
464 857 578 911 Imp.
606 857 731 900 Rom.
750 859 824 900 lib.
852 874 927 907 vu,
947 873 982 901 c.
1007 862 1028 901 3
1052 868 1094 900 et
1112 860 1152 907 5,
1172 859 1392 901 etGodesr.
1418 858 1625 901 Czeterum

276 929 317 968 in
340 929 509 969 ferenda
531 929 620 984 lege
643 943 718 985 pro
742 929 998 971 Ariminensi
1026 931 1231 978 Concilio,
1248 946 1372 987 quam
1393 931 1444 972 ab
1467 931 1629 972 Auxen-

277 998 332 1038 tio
356 998 442 1052 ipso
470 998 667 1038 dictatam
683 1031 692 1046 ,
712 1007 752 1040 et
770 999 968 1055 scriptam
994 1015 1083 1041 esse
1106 999 1284 1041 affirmat
1302 1000 1564 1047 Ambrosius,
1588 1000 1630 1041 id

278 1066 501 1121 contigisse
540 1065 820 1109 testificantur
850 1067 1031 1110 Rufinus
1066 1069 1170 1110 Hist.
1209 1069 1280 1111 lib.
1326 1084 1382 1115 11,
1415 1084 1505 1125 cap.
1556 1068 1626 1118 16;

278 1134 539 1176 Gaudentius
570 1135 750 1191 Proefac.
780 1138 827 1178 in
862 1137 1003 1179 Serm.
1032 1137 1316 1185 Sozomenus,
1343 1138 1415 1180 lib.
1447 1153 1488 1193 7,
1510 1135 1625 1179 Hisc.

279 1205 415 1252 Eccl..
455 1220 545 1262 cap.
597 1207 667 1254 15,
699 1207 898 1249 nimirum
925 1209 1182 1250 Benevolum
1221 1208 1431 1250 Memoriae
1469 1207 1633 1248 scriniis

279 1276 525 1332 praesectum
541 1309 550 1325 ,
579 1292 675 1319 cum
698 1278 811 1320 illam
836 1279 995 1321 dictare
1019 1294 1066 1321 ac
1089 1279 1355 1321 subscribere
1375 1278 1513 1335 jussus
1541 1277 1635 1319 suis-

279 1355 366 1394 sot,
404 1361 551 1404 magua
584 1349 818 1390 constantia
858 1364 1100 1398 recusasse,
1132 1365 1179 1392 ac
1203 1357 1424 1406 propterea
1447 1347 1632 1404 ejectum

281 1430 371 1457 esse
393 1416 434 1457 in
452 1417 622 1459 exilium
647 1433 667 1459 a
689 1417 869 1461 Justina.

623 1568 866 1597 ANNOTA'rtO
900 1554 1024 1609 (130)
1057 1569 1148 1611 pag.
1188 1555 1285 1611 349.

346 1692 389 1731 ln
413 1689 631 1732 codicibus
655 1688 765 1730 varie
783 1689 1028 1730 scribuntur
1052 1689 1221 1731 nomina
1246 1690 1396 1731 borum
1414 1689 1635 1746 episcopo-

286 1777 405 1808 [Ἵππη
432 1775 525 1801 nam
546 1760 586 1800 in
612 1759 864 1815 quibusdam
882 1758 1094 1816 Eoetorgi,
1117 1768 1158 1801 et
1182 1759 1420 1816 Euoecorgt‘,
1436 1774 1512 1817 pro
1528 1760 1638 1801 Eus-

288 1833 447 1889 102·gic‘‚
474 1830 581 1872 sicut
607 1839 648 1872 et
671 1830 894 1878 Memmii,
923 1845 969 1871 ac
1009 1830 1212 1881 [tier-oeli,
1238 1845 1313 1886 pro
1335 1831 1540 1887 Myroclis
1567 1830 1637 1872 ha-

289 1904 425 1944 betur.
444 1901 542 1943 Fuit
555 1909 692 1942 autem
705 1900 928 1956 Myrocles,
943 1900 974 1941 si
988 1901 1245 1941 credendum
1265 1900 1456 1955 Uglmlto,
1469 1910 1640 1942 octavus

290 1970 858 2026 Mediolanensisepiscopus,
873 1971 933 2011 sin
954 1985 1051 2012 vero
1070 1985 1295 2027 sequamur
1312 1970 1643 2012 vetustissimum

293 2044 530 2099 catalogum
558 2041 599 2082 in
619 2042 779 2082 Musceo
799 2039 982 2087 Italico,
1011 2055 1102 2097 pag.
1138 2055 1229 2088 110,
1253 2042 1466 2097 vulgatum
1483 2073 1492 2088 ,
1514 2039 1645 2097 septi-

293 2129 385 2156 mus
409 2128 429 2154 a
457 2119 601 2153 sancto
618 2110 811 2153 Barnaba
827 2142 837 2158 ,
858 2109 928 2166 qui
954 2109 1240 2151 recentissima
1267 2125 1393 2151 manu
1419 2109 1647 2165 exemplari

299 2184 501 2240 ascriptus
532 2181 722 2223 traditur.
747 2179 994 2236 Eustorgius
1022 2188 1064 2221 et
1089 2180 1200 2236 apud
1233 2180 1455 2236 Ugbcllum
1474 2188 1515 2221 et
1537 2179 1650 2236 apud

298 2253 586 2296 Mabillonium
608 2251 796 2292 decimus
817 2258 1078 2291 numeratur.
1102 2250 1157 2291 At
1182 2264 1279 2290 vero
1300 2249 1526 2305 Dionysius
1543 2281 1553 2297 ,
1578 2247 1651 2305 qui

302 2333 460 2365 tantum
485 2321 608 2363 tertio
633 2320 797 2361 decimo
825 2321 918 2361 loco
943 2319 982 2360 in
1005 2319 1145 2361 Italia
1167 2335 1295 2360 sacra
1323 2319 1518 2376 ponitur,
1544 2319 1653 2360 Eus-

300 2392 481 2448 torgium
511 2391 550 2431 in
577 2391 703 2431 citato
740 2390 901 2430 Musaeo
933 2405 1042 2445 pone
1073 2390 1275 2445 sequitur.
1304 2390 1426 2431 Hunc
1459 2404 1508 2430 eo
1539 2390 1655 2444 quod

300 2463 575 2505 Athanasium
600 2460 641 2500 in
673 2462 834 2517 synodo
857 2459 1025 2501 Mediol.
1066 2461 1265 2502 damnare
1297 2461 1597 2507 detrectasset,
1633 2472 1655 2499 a

303 2531 547 2574 Constantio
570 2530 756 2585 ejectum
782 2530 822 2572 in
848 2530 1045 2579 exilium,
1073 2530 1113 2572 in
1138 2529 1209 2573 illo
1231 2529 1341 2573 diem
1359 2529 1512 2573 obiisse
1530 2528 1657 2573 tradit
