1774 3158
325 235 380 275 68
881 247 915 275 S.
956 248 1145 276 AMBRQSH

319 342 444 383 quam
470 339 637 368 causam
661 324 866 367 moriendi
893 326 1131 374 habuisset,
1157 327 1234 368 nisi
1262 327 1476 369 habuisset
1502 337 1543 369 et
1564 343 1664 369 cau-

319 411 404 438 sam
430 394 706 452 resurgendi?
735 395 899 436 Etenim
925 397 1120 451 quoniam
1156 397 1266 438 Deus
1295 398 1399 437 mori
1433 412 1517 439 non
1548 406 1668 454 pote-

318 477 407 515 rat,
434 467 540 509 mori
562 481 645 508 non
668 474 831 524 poterat
849 466 1048 524 sapientia
1068 483 1076 509 :
1099 483 1317 524 resurgere
1335 477 1473 510 autem
1493 484 1576 511 non
1599 483 1668 525 po-

319 546 440 586 terat,
485 538 598 593 quod
631 545 847 578 mortuum
886 550 971 577 non
1010 545 1123 584 erat;
1163 537 1387 578 assumitur
1421 553 1542 587 caro,
1577 553 1668 594 quat

317 607 426 648 mori
456 615 621 664 posset;
649 616 694 648 ut
727 607 826 648 dum
867 605 1060 654 moritur,
1092 609 1205 662 quod
1236 609 1360 656 solet,
1406 609 1517 663 quod
1564 623 1671 649 mor-

317 689 438 720 tuum
484 678 640 724 suerat,
682 676 763 717 hoc
795 683 1044 732 resurgeret.
1088 675 1232 731 Neque
1266 676 1379 718 enim
1402 686 1566 733 poterat
1581 692 1670 719 esse

317 747 395 789 nisi
448 762 522 802 per
567 734 783 788 Hominem
822 745 1114 792 resurrectio;
1159 746 1357 800 quoniam
1392 764 1406 784 ιι
1443 745 1561 787 Sicut
1598 762 1671 803 per

321 816 567 857 »hominem
604 829 744 862 mors;
772 814 826 856 ita
851 822 892 856 et
921 830 996 872 per
1030 815 1246 857 hominem
1279 817 1528 859 resurrectio
1557 831 1672 858 mor-

323 904 338 924 »
355 884 565 926 tuorum¹n
591 904 605 923 »

377 954 490 996 XCI.
529 955 638 1012 Ergo
663 956 892 997 resurrexit
924 955 1078 1004 homo,
1109 956 1307 1012 quoniam
1333 956 1462 999 homo
1483 965 1678 999 mortuus

319 1033 381 1067 est
403 1041 412 1065 :
436 1026 708 1067 resuscitatus
733 1026 888 1076 homo,
917 1026 991 1068 sed
1012 1027 1266 1068 resuscitans
1295 1028 1423 1070 Deus,
1457 1028 1577 1070 Tunc
1613 1042 1679 1068 se-

321 1097 509 1136 cundum
541 1109 712 1136 carnem
743 1095 870 1136 homo
892 1127 902 1143 ,
937 1110 1052 1137 nunc
1084 1111 1158 1153 per
1192 1097 1332 1138 omnia
1367 1096 1535 1139 Deus²:
1566 1112 1678 1138 nunc

322 1163 434 1204 enim
470 1164 704 1205 secundum
738 1178 908 1205 carnem
945 1164 1030 1220 jam
1067 1180 1150 1206 non
1181 1166 1375 1207 novimus
1407 1165 1676 1214 Christum³‚

323 1234 397 1274 sed
419 1233 555 1275 carnis
579 1233 753 1290 gratiam
773 1242 991 1283 tenemus3
1016 1244 1063 1276 ut
1081 1235 1216 1292 ipsum
1240 1235 1445 1292 primitias
1464 1235 1681 1292 quiescen-

324 1304 450 1351 tium,
479 1303 615 1361 ipsum
644 1305 970 1362 primogenitum
986 1320 1036 1347 ex
1059 1305 1235 1347 mortuis
1253 1306 1506 1347 noverimus.
1531 1306 1680 1348 Primi-

325 1374 391 1416 tiae
421 1374 565 1430 utique
588 1373 779 1430 ejusdem
803 1384 899 1417 sunt
925 1376 1088 1431 generis
1122 1383 1245 1431 atque
1277 1384 1458 1424 naturae,
1493 1375 1613 1426 cuius
1642 1383 1683 1416 et

325 1445 475 1501 reliqui
509 1445 696 1494 fructus,
731 1460 911 1502 quorum
944 1461 1022 1503 pro
1052 1447 1210 1487 laetiore
1240 1455 1448 1503 proventu
1472 1447 1682 1503 primitiva

328 1515 420 1556 Deo
450 1530 625 1556 munera
654 1515 919 1564 deferuntur,
942 1531 1108 1557 sacrum
1126 1531 1279 1557 munus
1301 1532 1375 1573 pro
1395 1516 1590 1558 omnibus
1607 1549 1616 1564 ,
1643 1525 1684 1558 ct

331 1586 447 1641 quasi
472 1594 673 1642 reparatae
704 1587 896 1642 quaedam
927 1586 1129 1628 libamina
1160 1596 1330 1628 naturae.
1366 1587 1563 1629 Primitiae
1585 1602 1683 1644 ergo

328 1658 637 1713 quiescentium
672 1656 876 1698 Christus.
905 1656 987 1698 Sed
1009 1666 1149 1698 utrum
1165 1672 1336 1699 suorum
1358 1658 1681 1715 quiescentium,

331 1728 402 1785 qui
425 1727 541 1784 quasi
565 1727 712 1768 mortis
735 1735 898 1768 exortes
926 1727 1037 1768 dulci
1064 1728 1247 1782 quodam
1272 1742 1422 1784 sopore
1442 1735 1681 1775 teneantur,

334 1813 386 1839 an
402 1798 591 1838 omnium
610 1796 905 1838 mortuorum?
926 1795 1009 1838 Sed
1032 1814 1046 1834 α
1066 1796 1184 1838 Sicut
1211 1796 1252 1837 in
1276 1797 1409 1838 Adam
1433 1811 1579 1838 omnes
1599 1811 1685 1838 mo-

332 1886 348 1907 »
362 1868 545 1917 duntur,
570 1869 625 1909 ita
641 1877 682 1910 et
704 1869 746 1910 in
767 1869 934 1910 Christo
953 1883 1099 1910 omnes
1120 1867 1482 1911 vivificabuntur¹⁸.
1505 1887 1521 1908 »
1541 1870 1685 1925 Itaque

335 1939 444 1981 sicut
466 1939 659 1996 primitiae
681 1939 827 1980 mortis
852 1939 893 1980 in
915 1938 1050 1981 Adam
1066 1971 1076 1987 ,
1102 1939 1157 1980 ita
1181 1938 1305 1980 etiam
1327 1938 1522 1995 primitiae
1545 1953 1685 1980 resur—

333 2009 533 2051 rectionis
551 2009 592 2050 in
615 2009 794 2051 Christo.

394 2079 529 2121 XCII.
567 2078 724 2121 Omnes
756 2087 1003 2136 resurgunt,
1041 2080 1114 2121 sed
1146 2094 1270 2121 nemo
1303 2081 1518 2137 desperet,
1550 2096 1687 2137 neque

333 2149 471 2205 justus
494 2150 634 2191 doleat
651 2164 876 2190 commune
897 2150 1158 2191 consortium
1181 2151 1448 2206 resurgendi3
1474 2165 1570 2192 cum
1587 2165 1686 2207 prae-

335 2220 508 2276 cipuum
535 2220 720 2260 fructum
744 2219 906 2261 virtutis
923 2228 1128 2277 expectet.
1147 2237 1161 2258 α
1181 2219 1338 2262 Omnes
1359 2220 1529 2277 quidem
1553 2236 1688 2263 resur-

336 2298 456 2346 gent,
491 2291 564 2330 sed
598 2289 907 2346 uuusquisque,
940 2298 986 2330 ut
1031 2290 1087 2331 ait
1135 2289 1383 2346 Apostolus,
1418 2291 1459 2332 in
1501 2306 1575 2333 suo
1618 2306 1688 2332 or·

337 2360 501 2401 »dine⁵'.
530 2379 544 2397 n
571 2359 819 2401 Communis
851 2368 912 2401 est
948 2359 1096 2401 ‹livinae
1124 2359 1285 2402 fructus
1319 2361 1550 2403 clementiae
1574 2393 1584 2409 ‚
1616 2362 1689 2402 sed

336 2429 556 2471 distinctus
588 2430 692 2471 ordo
720 2430 982 2472 meritorum.
1006 2430 1103 2472 Dies
1131 2431 1327 2473 omnibus
1355 2432 1494 2481 lucet,
1516 2432 1578 2473 sol
1599 2445 1688 2472 om-

378 2531 386 2544 ¹
413 2521 520 2553 1C0r.
537 2533 591 2559 xx,
621 2533 670 2554 21.
691 2530 757 2547 —²
780 2522 869 2556 lbid.
893 2522 944 2556 28.
961 2541 996 2548 -
1025 2524 1038 2546 ³
1055 2534 1070 2554 2
1094 2523 1166 2556 Cor.
1198 2534 1230 2563 v,
1264 2524 1311 2557 16.
1329 2526 1396 2550 —⁴
1419 2536 1430 2557 1
1447 2525 1525 2558 Cor·
1556 2535 1606 2563 xv,
1636 2535 1686 2555 22.

333 2593 372 2599 —
393 2578 405 2599 ⁵
422 2575 507 2607 lbid.
524 2575 574 2607 ηδ.
