1774 3158
519 275 804 305 ErisrotAnuM
839 275 993 303 eLAssis
1028 278 1053 303 1.
1394 266 1475 308 215

123 358 206 400 rire
229 358 383 416 populo
409 357 567 399 tribum
585 387 597 405 .
625 371 761 413 noque
784 369 860 412 pro
891 369 971 395 una
1003 356 1179 398 muliere
1209 365 1293 399 tam
1326 359 1477 401 acerbe

130 428 306 470 consuli.

183 496 317 540 XVII.
354 496 642 538 Probaverunt
661 496 883 538 consilium
911 496 1128 538 Isra'e'litre¹
1161 512 1170 537 :
1196 499 1358 540 executi
1383 508 1479 541 sunt

125 566 201 609 viri
228 565 469 621 Benjaniin‚
499 574 540 607 et
573 565 761 623 dispositi
792 566 833 607 in
857 566 988 608 vineis
1025 568 1118 608 loco
1157 577 1397 624 opportuno
1438 577 1480 611 et

126 645 315 692 tempore
331 667 342 683 ,
357 634 501 692 plenas
522 635 709 677 soeininei
733 636 907 693 agminis
927 638 1010 679 vias
1031 648 1358 694 occupaverunt.
1376 639 1481 680 Prae-

126 706 217 748 buit
238 706 317 747 illis
343 705 494 747 festum
523 707 767 763 nuptiarum
792 707 1006 764 religionis
1033 708 1287 749 solemnitas.
1314 709 1479 751 Avulsae

127 777 178 817 de
201 777 425 832 complexu
458 783 625 833 patrum
658 775 779 826 filiae,
808 785 1008 834 tanquam
1035 777 1077 818 in
1114 793 1281 819 manum
1307 779 1356 820 ab
1381 779 1478 835 ipsis

125 846 369 904 parentibus
390 846 688 894 tradebantur,
713 855 755 889 et
776 848 891 889 velut
913 856 1082 904 pactam
1106 863 1128 888 e
1152 848 1311 904 gremio
1336 849 1481 890 matris

126 930 210 957 non
232 915 405 964 abduci,
432 917 504 957 sed
526 916 695 973 prodire
714 917 991 959 arbitrareris.
1015 917 1076 958 Ita
1104 917 1238 958 tribus
1260 916 1481 973 Benjamin

126 1001 233 1043 pene
259 986 492 1044 intercepta
516 995 642 1043 atque
678 987 861 1029 extincta
899 987 1015 1028 brevi
1046 987 1214 1036 floruit,
1246 989 1482 1029 documen-

128 1065 216 1098 tum
240 1056 440 1098 exhibens
456 1058 592 1112 ,qnod
608 1071 760 1113 magno
782 1057 910 1098 exitio
934 1057 986 1099 sit
1002 1057 1277 1100 insolentibus
1298 1058 1480 1100 vindicta

128 1126 344 1184 pudicitiae
358 1159 368 1174 ‚
387 1135 430 1168 et
449 1127 556 1168 laesae
582 1126 783 1168 castitatis
805 1127 922 1169 ultio.

184 1196 340 1241 XVIII.
377 1197 463 1240 Nec
497 1198 578 1240 hoc
621 1200 709 1241 solo
740 1200 861 1247 loco,
901 1199 973 1241 sed
1006 1199 1219 1256 plerisque
1262 1197 1479 1255 Scriptura

127 1268 208 1310 hoc
241 1270 377 1310 docet.
401 1268 507 1311 Nam
535 1278 576 1311 et
595 1269 634 1310 in
653 1269 806 1311 Genesi
826 1270 1004 1327 legimus
1026 1270 1259 1311 exercitum
1284 1268 1481 1325 quaestio-

127 1339 251 1382 nibus
272 1354 414 1397 regem
438 1340 607 1397 AEgypti
624 1338 786 1383 Pharao
800 1372 811 1388 ,
831 1342 945 1397 qnod
967 1340 1112 1382 Saram
1135 1339 1419 1382 attentavisset
1433 1337 1447 1359 ²
1465 1356 1476 1388 3

127 1419 168 1452 et
185 1419 324 1453 tamen
348 1411 525 1453 alienam
549 1426 639 1452 esse
662 1425 834 1452 uxorem
852 1411 1080 1453 nesciebat.

186 1482 302 1524 XIX.
337 1482 410 1524 Est
441 1482 567 1539 igitur
599 1481 784 1524 Domino
816 1482 1019 1524 castitatis
1058 1484 1225 1524 tuendae
1261 1483 1477 1530 voluntas,

127 1559 284 1609 quanto
306 1553 436 1610 magis
454 1561 515 1595 est
539 1550 805 1595 defensandae
827 1552 1103 1610 integritatis?
1127 1553 1246 1595 Unde
1267 1553 1381 1594 nulla
1405 1552 1480 1594 de-

126 1623 199 1665 bet
225 1623 455 1680 virginibus
483 1623 611 1665 sacris
634 1623 809 1681 irrogari
834 1623 1012 1679 injuria3
1043 1638 1135 1680 quae
1161 1622 1272 1664 enim
1296 1637 1380 1664 non
1403 1637 1478 1663 nu-

127 1693 232 1735 bunt
249 1726 259 1742 ,
287 1693 420 1749 etqui
452 1708 601 1735 uxores
628 1708 714 1735 non
738 1695 900 1735 ducunt
919 1726 930 1742 ‚
963 1693 1174 1735 habentur
1197 1692 1305 1734 sicut
1333 1691 1482 1749 Angeli

129 1763 205 1805 Dei
229 1763 270 1804 in
293 1762 439 1805 coelo³.
461 1763 513 1804 Et
539 1763 634 1805 ideo
656 1764 817 1805 coelesti
850 1763 994 1820 gratiae
1017 1778 1101 1805 non
1130 1763 1356 1804 inseramus
1384 1776 1481 1804 cor-

128 1834 316 1891 poralem
345 1834 667 1883 contumeliam3
699 1833 899 1891 quoniam
929 1843 1078 1891 potens
1104 1841 1166 1876 est
1188 1833 1321 1879 Deus.
1354 1846 1481 1889 quem

129 1919 209 1946 nec
227 1904 512 1961 praevaricatio
531 1914 768 1960 praetereat‚
781 1913 824 1947 et
841 1914 1005 1947 moveat
1024 1905 1185 1962 accepti
1203 1904 1281 1946 sibi
1297 1903 1483 1945 muneris

129 1983 170 2016 et
206 1983 461 2016 consecratae
497 1975 744 2033 virginitatis
775 1977 925 2018 acerba
968 1984 1010 2018 et
1043 1976 1177 2032 gravis
1208 1973 1478 2017 contumelia.

129 2043 254 2093 Vale,
272 2043 422 2094 frater,
442 2052 483 2086 et
505 2059 580 2087 nos
604 2045 749 2103 dilige;
779 2046 875 2102 quia
893 2061 968 2088 nos
989 2055 1027 2088 te
1044 2045 1267 2102 diligimus.

176 2143 183 2158 ¹
204 2132 312 2167 Judic.
328 2145 394 2172 xxi,
410 2136 459 2167 25.
474 2152 512 2161 —-
533 2145 544 2159 ²
564 2135 647 2169 Gen.
664 2147 725 2172 ΧΗ,
744 2148 793 2178 17.
811 2155 848 2161 —
869 2138 883 2160 ³
906 2137 983 2169 Luc.
1003 2147 1054 2171 xx,
1075 2135 1128 2166 36.
