1774 3158
283 198 366 242 206
754 248 761 251 ν
831 207 862 234 ε.
900 206 1090 235 Amnaosn

284 292 398 333 nullo
432 294 681 333 accusante,
711 283 835 326 nullis
877 284 1126 326 testimoniis
1154 284 1501 340 perurgentibus,
1530 283 1645 326 insi-.

286 359 410 403 nuavi
444 365 598 399 sanctae
635 355 769 397 sorori
799 356 912 411 quod
936 362 1099 411 peteres
1134 368 1276 395 coram
1308 355 1392 410 ipsa
1424 353 1572 410 inspici
1593 363 1635 396 et

285 427 449 472 visitari'
461 434 738 468 memoratam
755 425 972 481 virginem.
1005 424 1058 465 At
1081 424 1149 465 illa
1167 432 1309 465 sancte
1332 424 1635 480 inspectionem

288 497 457 553 quidem
478 494 701 542 recusavit,
722 495 795 536 sed
813 494 1100 536 testimonium
1121 508 1204 534 non
1224 494 1470 543 declinavit,
1494 493 1637 535 dicens

289 566 394 608 nihil
414 580 457 607 se
480 564 521 605 in
543 564 702 605 Indicia
718 562 1101 619 'comprehendisse
1116 595 1126 610 ,
1148 563 1224 604 nisi
1252 564 1365 618 quod
1382 572 1490 612 esset
1511 562 1638 620 virgi-

290 637 393 679 nalis
418 635 588 692 pudoris
607 643 647 676 et
666 634 898 675 sanctitatis
924 648 933 675 z
954 634 1164 675 habitasse
1182 647 1272 673 eam
1291 634 1434 675 Romae
1451 634 1494 674 in
1512 634 1638 675 domo

289 715 429 749 nostra
445 739 455 754 ,
482 704 601 745 nobis
636 704 876 745 absentibus
892 735 902 751 ,
927 704 1029 744 nulli
1052 718 1144 744 eam
1166 718 1207 743 se
1237 703 1431 744 vitiorum
1461 703 1638 744 familia-

290 774 402 817 ritati
422 774 582 816 dedisse
599 806 609 821 ,
637 782 782 829 optare
809 787 905 814 cum
931 788 977 814 ea
1001 772 1078 812 sibi
1103 787 1123 812 a
1153 772 1332 813 Domino
1354 771 1455 814 Jesu
1478 781 1640 829 partem

292 845 493 888 reservari
519 844 560 884 in
586 858 715 899 regno
738 843 826 884 Dei.

352 916 488 959 XXII.
525 915 748 955 Paternam
785 928 953 968 quoque
983 911 1111 953 filiam
1143 921 1328 954 nostram
1364 911 1640 969 interrogavi,

294 987 407 1042 quod
425 984 474 1025 ab
497 998 542 1024 ea
567 997 783 1038 nunquam
803 983 932 1024 soleat
954 983 1170 1023 discedere
1186 1013 1196 1029 ‚
1215 982 1337 1036 cujus
1356 982 1644 1027 charitaslvitae

293 1055 419 1110 hujus
438 1052 724 1095 testimonium
751 1060 826 1092 est.
846 1051 996 1107 Itaque
1020 1052 1096 1092 etsi
1120 1052 1235 1107 quod
1259 1051 1438 1107 injurata
1461 1052 1642 1100 diceret,

294 1123 392 1164 fidei
415 1129 676 1174 sacramento
699 1121 1004 1162 conferendum
1031 1120 1164 1168 foret3
1188 1122 1264 1162 sub
1290 1121 1571 1163 obtestatione
1587 1131 1644 1163 ta·

296 1207 394 1234 men
418 1191 603 1248 professa
633 1198 695 1231 est
718 1189 894 1230 alienam
924 1189 1112 1230 criminis
1134 1204 1216 1244 quo
1245 1191 1544 1246 appetebatur,
1569 1206 1646 1233 nec

297 1261 526 1318 quidquam
549 1260 590 1300 in
615 1274 663 1301 ea
686 1259 792 1300 scire
815 1274 858 1300 se
881 1259 1003 1300 bonae
1029 1274 1207 1299 vacuum
1228 1259 1568 1300 conversationis.

357 1331 516 1374 XXIII.
556 1328 772 1376 Nutricem
800 1344 968 1384 quoque
989 1329 1130 1370 liberae
1158 1329 1409 1370 conditionis
1424 1329 1650 1385 interroga-

298 1403 459 1449 vimus,
490 1401 557 1442 cui
579 1409 622 1441 et
644 1408 775 1441 status
804 1400 1129 1454 haudquaquam
1158 1399 1352 1455 degeneri
1379 1398 1546 1440 serviti0
1572 1400 1650 1440 ob·-

301 1473 449 1516 noxius
471 1473 708 1513 libertatem
734 1472 829 1510 vcra
854 1469 1010 1510 fatendi
1035 1471 1178 1514 daret,
1207 1478 1249 1510 et
1277 1468 1380 1510 fides
1397 1476 1529 1523 atque
1554 1477 1651 1510 aetas

301 1544 353 1584 ad
371 1542 585 1583 veritatem
609 1540 904 1595 astipularetur
921 1572 930 1587 ,
958 1548 999 1579 ct
1023 1538 1208 1579 officium
1232 1538 1421 1579 matricis
1440 1539 1489 1578 ad
1515 1539 1653 1594 cogni-

302 1613 458 1653 ti0nem
477 1610 642 1651 secreti.
656 1609 711 1649 Ea
729 1623 895 1664 quoque
915 1608 1016 1649 nihil
1033 1624 1076 1649 se
1094 1608 1340 1649 indecorum
1361 1607 1510 1648 vidisse
1524 1639 1534 1655 ‚
1549 1608 1654 1649 nihil

301 1681 376 1723 sibi
409 1681 524 1736 quasi
561 1679 722 1736 parenti
755 1678 1025 1719 commissum
1065 1693 1086 1718 a
1128 1678 1286 1735 virgine
1311 1678 1447 1733 aliqua
1479 1677 1653 1734 dignum

302 1749 641 1807 reprehensione.

360 1820 517 1863 XXIV.
556 1820 628 1861 His
653 1818 777 1868 moti,
801 1817 1005 1859 Iudiciam
1028 1818 1218 1859 innss'ensi
1243 1819 1446 1876 virginem
1470 1819 1655 1861 muneris

301 1889 663 1948 pronuntiavimus
691 1904 699 1929 ι
725 1888 949 1929 Maximum
979 1895 1118 1928 autem
1149 1896 1190 1928 et
1215 1887 1424 1930 {leuatum
1446 1899 1489 1931 et
1516 1889 1656 1931 Leon-

304 1962 407 2002 tium
436 1960 490 2001 ita
514 1959 687 2000 involvit
704 1958 909 1999 sententia
927 1990 936 2004 ‚
961 1966 1007 1998 ut
1025 1957 1203 1999 Maximo
1220 1990 1230 2004 ,
1254 1958 1287 1998 si
1309 1974 1494 2000 errorem
1518 1973 1658 2000 emen-

305 2032 448 2078 daret,
477 2044 569 2085 spes
592 2028 752 2069 reditus
776 2035 1084 2074 reservaretur3
1109 2027 1293 2068 Renatus
1313 2036 1451 2069 autem
1470 2036 1512 2069 et
1527 2022 1658 2080 Leon·

304 2100 384 2140 tius
431 2086 790 2139 excommunicati
831 2104 1071 2146 manerent,
1115 2095 1191 2136 nisi
1226 2096 1333 2137 sorte
1382 2097 1556 2152 probata
1596 2096 1657 2137 sui

302 2167 571 2226 paenitentia,
597 2175 638 2207 et
667 2166 791 2221 hujus
815 2165 913 2207 facti
938 2166 1136 2206 diuturna
1169 2167 1462 2222 deploratione
1478 2199 1488 2214 ,
1509 2167 1658 2223 dignos

305 2254 347 2279 se
382 2237 617 2294 praeberent
651 2234 954 2277 misericordia.
991 2234 1116 2284 Vale,
1151 2235 1307 2284 frater,
1340 2244 1381 2278 et
1411 2251 1486 2278 nos
1509 2236 1659 2292 dilige;

305 2307 400 2364 quia
423 2321 499 2349 nos
521 2314 562 2348 te
580 2305 806 2363 diligimus,
