1774 3158
280 212 363 262 384
838 224 869 250 s.
909 224 1099 251 Aiumosu

277 303 346 359 qui
369 317 439 343 eos
461 301 502 342 in
530 300 874 343 communionem
898 317 984 343 non
1002 310 1154 343 vocent
1172 311 1531 345 sacramentorum
1554 319 1632 346 coe-

276 373 473 420 lesfium,
505 371 574 428 qui
612 371 654 412 in
685 373 844 429 aliquos
880 373 1101 429 capitalem
1141 373 1393 414 sententiam
1415 373 1632 416 serendam

278 443 602 484 aestimaverunt.
623 442 818 498 Plerique
841 443 967 484 etiam
987 450 1136 498 sponte
1157 457 1200 484 se
1219 442 1428 484 abstinent
1450 458 1459 484 :
1485 451 1526 485 et
1544 444 1635 485 lau-

280 513 432 554 dantur
450 511 638 569 quidem‚
663 527 740 555 nec
759 512 835 569 ipsi
853 528 922 554 eos
942 527 1162 568 possumus
1183 528 1265 554 non
1289 513 1518 570 praedIcare
1535 530 1544 554 ε
1564 513 1634 570 qui

280 583 573 625 auctoritatem
604 582 793 640 Apostoli
820 592 994 624 eatenus
1019 582 1316 630 observamus,
1356 592 1401 626 ut
1437 583 1484 625 iis
1516 597 1635 625 com-

280 653 526 694 munionem
548 668 635 695 non
659 653 887 695 audeamus
910 667 1077 709 negare.

336 724 407 765 Ill.
446 722 572 765 Vides
596 723 724 780 igitur
746 723 847 779 quid
868 722 1094 765 auctoritas
1129 722 1311 771 tribuat,
1337 722 1440 778 quid
1463 724 1637 765 suadeat

281 794 581 836 misericordia.
609 793 933 835 Excusationem
965 793 1162 840 habebis,
1192 793 1223 834 si
1246 793 1418 841 feceris;
1443 795 1634 841 laudem,

281 864 313 905 si
331 878 413 904 non
431 862 593 904 feceris.
621 860 704 903 Sed
730 861 760 902 si
783 876 866 902 non
894 861 1079 919 potueris
1103 861 1243 902 facere
1261 894 1271 909 ,
1297 877 1375 903 nec
1401 869 1542 903 tamen
1566 876 1638 903 no-

281 942 423 975 centes
461 941 639 973 atterere
678 931 885 987 squallore
921 931 1101 972 carceris
1119 964 1128 979 ‚
1166 931 1239 972 sed
1266 931 1506 979 absolvere,
1544 932 1637 988 plus

283 1003 399 1060 quasi
422 1002 617 1044 sacerdos
637 1002 839 1058 probabo.
858 1001 997 1043 Potest
1016 1001 1127 1042 enim
1143 1000 1292 1042 fierint
1312 1016 1434 1043 causa
1450 1003 1634 1059 cognita,

284 1074 512 1130 recipiatur
537 1073 588 1114 ad
615 1072 866 1114 seutentiam
897 1088 1013 1124 reus,
1038 1072 1109 1127 qui
1141 1081 1281 1128 postea
1319 1081 1391 1113 aut
1424 1072 1639 1128 indulgen-

282 1144 383 1185 tiam
396 1144 472 1185 sibi
490 1151 620 1201 petat,
633 1153 703 1184 aut
721 1152 835 1184 certe
850 1143 937 1184 sine
956 1145 1067 1199 gravi
1086 1142 1321 1190 severitate,
1339 1143 1451 1198 quod
1467 1142 1637 1198 quidam

286 1214 365 1262 ait,
388 1213 549 1254 habitet
585 1213 626 1254 in
656 1227 838 1254 carcere.
866 1211 962 1253 Scio
989 1221 1128 1253 tamen
1157 1213 1380 1268 plerosque
1422 1213 1640 1269 gentilium

285 1285 452 1340 gloriari
471 1284 634 1329 solitos,
659 1284 771 1339 quod
795 1283 1057 1324 incruentam
1085 1284 1136 1323 de
1162 1282 1524 1323 administratione
1548 1298 1640 1339 pro-

285 1355 452 1396 vinciali
484 1354 666 1395 securim
695 1353 943 1394 revexerint.
972 1351 1013 1393 Si
1043 1353 1123 1393 hoc
1151 1352 1325 1408 gentiles
1346 1384 1356 1403 ,
1381 1352 1482 1408 quid
1503 1352 1642 1393 Chris-

287 1425 388 1466 tiani
406 1425 543 1468 facere
569 1423 749 1466 debent?

346 1497 413 1539 IV⁸
451 1496 515 1539 Ad
537 1496 677 1538 omnia
691 1504 831 1537 tamen
847 1494 990 1551 accipe
1009 1508 1255 1549 responsum
1277 1492 1519 1535 Salvatoris.
1537 1492 1641 1535 Nam

287 1587 384 1614 cum
417 1571 649 1612 adulteram
681 1567 934 1624 reperissent
958 1565 1134 1613 Judaei¹,
1165 1566 1410 1606 obtulerunt
1433 1580 1526 1606 eain
1549 1565 1644 1606 Sal—

287 1642 444 1687 vatori,
475 1646 691 1696 captantes
719 1645 764 1677 ut
787 1636 819 1677 si
855 1636 1085 1676 absolveret
1110 1650 1201 1675 caui
1220 1671 1231 1684 ‚
1256 1635 1470 1676 videretur
1489 1634 1644 1690 Legem

289 1713 470 1757 solvere,
487 1710 557 1765 qui
576 1709 762 1749 dixerat:
780 1704 901 1748 «Non
920 1704 1011 1745 veni
1029 1703 1181 1760 Legem
1207 1704 1390 1753 solvere,
1418 1704 1491 1745 sed
1516 1704 1645 1744 adim-

286 1780 453 1839 »plere²
478 1796 486 1822 ε
515 1779 576 1821 »si
601 1780 846 1823 damnaret,
871 1776 1084 1816 videretur
1108 1775 1304 1815 adversus
1333 1773 1459 1815 finem
1485 1774 1647 1815 venisse

285 1852 489 1911 propositi
510 1850 586 1892 sui.
613 1850 705 1891 Hoc
726 1848 852 1905 igitur
874 1845 1106 1904 praevidens
1126 1845 1332 1886 Dominus
1353 1844 1500 1893 Jesus,
1522 1845 1647 1886 incli-

287 1935 386 1968 nato
413 1921 571 1979 capite,
589 1919 801 1962 scribebat
830 1917 870 1958 in
893 1925 1020 1958 terra.
1050 1915 1164 1966 Quid
1184 1915 1398 1956 scribebat
1414 1947 1424 1962 ,
1445 1914 1523 1956 nisi
1544 1915 1647 1956 illud

285 1996 583 2055 propheticum
602 2008 610 2034 :
629 2011 645 2030 α
661 1992 807 2038 Terra,
825 1997 951 2035 terra,
969 1987 1105 2028 scribe
1123 1986 1198 2027 hos
1217 1985 1326 2027 viros
1343 1985 1600 2033 abdicatos³3
1618 2003 1633 2023 n

288 2069 402 2125 quod
429 2067 480 2107 de
506 2062 707 2105 Jechonia
739 2059 998 2115 descriptum
1023 2065 1085 2098 est
1109 2056 1150 2097 in
1166 2055 1375 2097 Hieremia
1401 2054 1643 2113 propheta?

343 2138 391 2180 V.
422 2137 529 2178 Cum
545 2132 681 2177 Judaei
700 2131 986 2187 interpellant,
1008 2127 1048 2168 in
1073 2135 1180 2167 terra
1207 2125 1449 2167 scribuntur
1468 2125 1638 2166 nomina

269 2188 528 2251 'Judaeorum
555 2220 564 2245 t
597 2217 694 2245 cum
730 2203 884 2243 adeunt
916 2195 1166 2243 Christiani,
1200 2210 1285 2236 non
1321 2195 1565 2236 scribuntur
1596 2194 1637 2235 in

281 2287 391 2320 terra
415 2276 602 2318 fidelium
625 2271 816 2317 nomina,
843 2269 915 2310 sed
942 2267 982 2308 in
1007 2268 1126 2308 coelo.
1161 2266 1208 2306 In
1230 2274 1342 2306 terra
1368 2274 1506 2306 autem
1529 2265 1634 2307 scri-

281 2352 440 2392 buntur
469 2343 651 2388 abdicati
679 2357 699 2383 a
723 2349 839 2398 patre
867 2337 1064 2395 propriO‚
1094 2336 1164 2392 qui
1197 2344 1360 2392 patrem
1382 2343 1570 2383 tentant,
1595 2344 1637 2376 et

281 2417 556 2463 contumelias
593 2415 780 2469 irrogant
821 2409 981 2452 auctori
1017 2407 1174 2450 salutis.
1224 2406 1330 2448 Cum
1369 2406 1637 2463 interpellant

277 2491 412 2535 Judaei
427 2523 437 2537 ,
457 2487 630 2531 inclinat
653 2491 780 2541 caput
806 2481 953 2528 ‹Iesus3
975 2488 1017 2521 et
1039 2478 1135 2535 quia
1155 2493 1239 2519 non
1262 2477 1388 2519 habet
1410 2478 1483 2519 ubi
1506 2477 1633 2520 recli-

319 2593 328 2607 ι
350 2582 447 2614 Joan.
462 2590 532 2615 vni,
549 2578 582 2616 5,
602 2582 633 2609 et
647 2585 738 2617 seqq.
753 2591 792 2598 --
811 2582 824 2597 ·
844 2571 969 2606 Maith.
987 2581 1019 2609 v,
1044 2581 1095 2611 ¹7·
1109 2587 1148 2595 -
1169 2570 1182 2593 ³
1197 2569 1318 2603 Jerem.
1336 2579 1419 2609 xxu,
1440 2580 1493 2612 29.
