1774 3158
302 231 385 273 256
844 240 874 266 s.
914 238 1103 267 Aimnosn

301 320 471 364 Domini
498 327 540 361 et
563 317 636 360 Dei
661 317 792 359 nostri
814 316 913 358 Jesu
941 316 1118 364 Christi,
1151 329 1234 356 non
1265 321 1326 355 est
1351 312 1611 354 Christianus
1637 327 1645 353 ε

299 407 377 435 nec
400 390 469 447 qui
494 397 616 446 negat
642 388 867 430 Dominum
890 388 1040 429 Filium
1065 386 1141 427 Dei
1169 399 1327 425 verum.

355 461 602 505 Ambrosius
638 460 859 517 episcopus
892 458 992 499 dixit
1018 473 1026 498 :
1058 457 1193 498 Deum
1228 469 1373 496 verum
1398 454 1471 495 Dei
1493 454 1646 496 Filium

301 531 542 576 confiteris?
1655 579 1657 581 ι

356 602 646 647 secundianus
681 601 783 643 dixit
818 616 826 641 :
857 599 1016 642 Verum
1050 597 1126 640 Dei
1161 597 1342 647 Filium,
1383 598 1647 654 unigenitum

299 675 375 718 Dei
398 674 550 716 Filium
571 686 717 714 verum
743 670 854 713 dico.

357 743 506 787 LXVI.
544 741 790 784 Ambrosius
823 739 1045 797 episcopus
1069 738 1170 780 dixit
1199 753 1207 779 :
1231 736 1390 780 Verum
1419 738 1646 780 Dominum

301 815 433 859 dicis?

358 885 648 928 secundianus
674 882 775 925 dixit
800 898 808 923 ε
844 882 1001 925 Verum
1037 881 1303 939 unigenitum
1341 880 1493 923 Filium
1523 896 1531 921 :
1558 881 1648 937 quis

298 966 422 1015 negat
437 971 580 999 verum
606 955 759 996 Filium
779 953 879 995 Dei?

355 1027 559 1070 Eusebius
582 1025 802 1081 episcopus
821 1024 923 1065 dixit
946 1039 955 1065 :
980 1023 1070 1065 Non
1093 1022 1247 1065 sufficit
1268 1024 1381 1079 quod
1400 1023 1553 1065 Filium
1572 1022 1647 1065 Dei

298 1098 561 1156 unigenitum
593 1094 835 1143 confiteri53
863 1109 959 1136 nam
982 1094 1062 1135 hoc
1086 1109 1232 1135 omnes
1256 1094 1514 1137 confitentur
1539 1110 1547 1136 :
1575 1096 1648 1136 sed

298 1172 377 1213 hoc
397 1176 562 1216 movet,
587 1167 701 1223 quod
725 1166 869 1208 Arrius
894 1164 997 1206 dixit
1027 1165 1256 1207 Dominum
1287 1166 1421 1207 solum
1450 1166 1614 1207 Patrem
1634 1198 1643 1213 ‚

297 1242 433 1284 solum
456 1253 600 1281 verum
622 1253 629 1279 :
658 1235 825 1293 negavit
848 1235 999 1278 Filium
1017 1234 1093 1276 Dei
1113 1235 1336 1276 Dominum
1356 1249 1518 1276 verum.
1538 1234 1649 1276 Sim-

295 1311 463 1369 pliciter
483 1309 637 1351 Filium
662 1307 736 1348 Dei
758 1308 891 1348 Deum
919 1321 1065 1347 verum
1088 1305 1333 1348 confiteris?

355 1381 645 1423 Secundianus
677 1378 779 1420 dixit
808 1393 816 1418 :
845 1377 949 1429 Quis
982 1376 1107 1418 fuerit
1138 1376 1306 1424 Arrius,
1333 1377 1479 1435 ignoro
1504 1391 1513 1417 :
1547 1375 1648 1432 quid

297 1453 446 1495 dixerit
468 1452 609 1494 nescio
624 1450 817 1492 PMecum
839 1448 1024 1505 loqueris
1045 1448 1159 1490 vivus
1184 1450 1233 1490 ad
1252 1449 1404 1490 vivum.
1422 1448 1530 1490 Illud
1554 1447 1647 1488 dico

294 1525 407 1582 quod
422 1522 611 1565 Christus
629 1521 753 1563 dixit:
772 1520 1072 1577 «Unigenitum
1091 1520 1160 1576 qui
1180 1527 1240 1561 est
1264 1519 1304 1561 in
1324 1518 1604 1576 si1u11Patris¹3
1623 1537 1637 1556 n

296 1610 395 1652 ergo
426 1593 690 1650 unigenitum
716 1591 871 1633 Filium
911 1606 953 1632 se
986 1590 1129 1632 asserit
1161 1589 1324 1632 Patris:
1359 1589 1490 1631 Filius
1523 1589 1649 1646 igitur

294 1664 532 1721 unigenitus
550 1672 612 1705 cst
628 1662 705 1704 Dei
719 1661 850 1704 Filius
873 1676 1008 1702 verus.

353 1735 522 1780 LXVII.
559 1733 805 1777 Ambrosius
834 1732 1056 1789 episcopus
1096 1731 1230 1773 dixit:
1261 1731 1371 1772 Deus
1400 1745 1520 1772 verus
1560 1738 1646 1783 est,

293 1822 414 1850 verns
438 1805 515 1849 Dei
533 1805 661 1848 Filius
686 1803 826 1846 Deus?
850 1803 902 1844 Et
925 1803 1039 1844 addit
1067 1817 1075 1843 :
1106 1802 1152 1843 In
1178 1801 1327 1843 divinis
1358 1800 1494 1842 Libris
1520 1799 1649 1856 scrip·

292 1887 381 1920 tuni
404 1885 466 1919 est
491 1892 501 1918 t
534 1875 676 1927 «Quia
695 1874 765 1931 qui
783 1874 986 1930 jurabunt
1010 1874 1145 1914 Deum
1169 1870 1356 1912 verum&
1383 1889 1398 1909 η
1414 1870 1538 1921 Quod
1563 1870 1646 1910 uti-

294 1964 372 2005 que
387 1949 438 1989 de
453 1947 619 1989 Christo
634 1960 722 1987 esse
741 1958 824 1986 non
841 1943 1018 1984 dubium
1036 1950 1111 1984 est.
1129 1942 1211 1985 Nos
1234 1956 1333 1997 ergo
1350 1955 1495 1981 verum
1511 1941 1644 1981 Deum

291 2017 541 2076 profitemur
569 2032 578 2058 ι
604 2026 645 2059 et
682 2015 786 2057 fides
819 2022 960 2056 nostra
984 2014 1074 2055 haec
1105 2020 1190 2062 est,
1221 2021 1262 2053 et
1300 2010 1525 2067 professio,
1549 2010 1645 2066 quia

292 2087 531 2145 unigenitus
548 2085 680 2129 Patris
703 2085 833 2127 Filius
855 2092 917 2125 est
945 2098 1068 2125 verus
1102 2084 1225 2123 Deus.
1249 2080 1325 2122 Die
1349 2088 1390 2122 et
1418 2087 1463 2121 tu
1484 2081 1536 2122 de
1558 2080 1645 2121 Deo

290 2174 411 2207 vero,
437 2158 587 2200 deinde
610 2156 764 2199 Filium
791 2157 926 2196 Deum
950 2168 1112 2195 vorum.

348 2226 639 2270 secundianus
663 2225 765 2268 dicit
791 2239 800 2266 τ
828 2226 887 2265 De
907 2224 997 2266 Deo
1021 2237 1131 2265 vero.

347 2296 537 2339 LXVIII.
577 2295 823 2338 Ambrosius
845 2293 1066 2351 episcopus
1100 2292 1204 2335 dixit
1236 2307 1245 2334 z
1272 2291 1403 2333 Filius
1423 2290 1500 2333 Dei
1531 2290 1643 2332 Deus

290 2382 413 2409 verus
435 2366 525 2409 est?

347 2437 640 2479 Secundianus
665 2436 767 2478 dixit
793 2452 801 2477 :
828 2437 937 2494 Ergo
964 2436 1159 2477 mendax.

348 2507 598 2550 Ambrosius
631 2507 852 2565 episcopus
878 2506 979 2549 dixit
1004 2522 1012 2548 :
1040 2506 1087 2548 In
1119 2506 1199 2547 hoc
1223 2503 1412 2546 fraudem
1444 2501 1544 2545 sacis
1562 2534 1571 2551 ‚
1597 2508 1643 2543 ut

337 2610 344 2625 ¹
368 2599 573 2636 Joan.1,iS.
593 2618 632 2624 —
652 2610 662 2625 ³
682 2600 758 2633 lsai.
779 2611 862 2636 mu,
885 2599 933 2632 ιθ,
