1774 3158
270 222 355 272 484
780 207 1120 256 &meon-nomm⁴

269 315 390 360 dare,
418 325 499 368 qua
521 313 653 366 poe'tae
684 307 889 349 utuntur?
909 307 992 349 Sed
1014 305 1106 363 quis
1132 320 1216 347 non
1238 306 1403 356 videat,
1422 321 1519 349 eum
1544 305 1615 363 qui

267 380 551 440 praetermisso
574 387 729 435 quanta
753 377 948 419 cautione
981 391 1029 425 ac
1052 377 1323 419 veneratione
1352 377 1415 418 vir
1449 385 1617 419 sanctus

266 453 376 496 hanc
401 451 710 509 adaptationem
736 448 1037 506 praemollierit‚
1055 448 1109 488 ita
1124 448 1336 504 loquatur,
1358 463 1439 490 non
1465 456 1548 489 tam
1565 447 1616 488 ad

262 522 352 564 veri
381 519 743 577 investigationem
763 552 772 566 ,
803 533 928 574 quam
955 518 1127 559 Patrum
1155 517 1490 574 suggillationem
1517 516 1617 558 scri·

262 591 395 634 bere?
424 591 634 633 Caeterum
668 589 739 646 qui
777 588 927 630 seriem
952 587 1152 629 orationis
1177 588 1378 630 attentius
1401 588 1526 644 paulo
1549 601 1617 628 ex·

262 662 478 718 penderit,
516 660 637 702 facile
676 668 874 716 agnoscet
913 673 932 700 a
974 658 1159 700 Doctore
1182 667 1327 699 nostro
1364 657 1439 699 hos
1477 665 1614 699 textus

266 731 560 773 Valentiniano
583 736 783 786 'tanquam
807 728 961 771 Christi
988 728 1189 770 imitatori
1216 729 1351 770 solum
1375 727 1521 784 aptari.

615 886 857 913 ANNOTATlo
895 872 984 929 (46)
1020 887 1111 929 pag.
1156 886 1249 914 ιιι.

317 1011 432 1053 Inter
468 1007 667 1066 praemia,
702 1006 855 1063 quibus
897 1006 1079 1048 victores
1116 1006 1270 1047 milites
1309 1007 1576 1049 donabantur
1600 1039 1610 1054 ,

256 1082 384 1124 fuisse
405 1080 535 1122 etiam
561 1089 732 1134 torques
754 1078 972 1135 proditum
1001 1077 1185 1134 reperies
1208 1078 1320 1136 apud
1350 1077 1388 1119 J.
1422 1077 1609 1136 Lipsium

254 1152 326 1194 lib.
357 1166 380 1193 v
402 1150 453 1192 de
474 1150 607 1193 Μίίίι.
636 1147 760 1189 Rom.
789 1147 884 1189 dial.
921 1162 983 1202 17.

614 1301 856 1329 ANNOTATIO
895 1285 986 1343 (47)
1022 1291 1116 1343 pag.
1158 1289 1252 1337 114.

309 1427 385 1469 Hic.
411 1424 590 1483 spondet
609 1432 776 1465 sanctus
795 1420 1044 1464 Praesutnon
1066 1423 1201 1463 solum
1219 1422 1419 1471 interdiu,
1445 1438 1611 1465 verum-

251 1498 378 1539 etiam
399 1505 528 1537 noetu
553 1510 629 1552 pro
642 1493 926 1536 Valentiniani
942 1493 1082 1548 quiete
1099 1501 1332 1535 oraturum.
1357 1493 1462 1535 Cum
1482 1509 1608 1550 porro

252 1577 311 1609 tot
332 1567 413 1609 sint
440 1567 520 1608 loci
544 1575 586 1607 et
613 1565 656 1606 in
690 1564 806 1606 libris
831 1565 882 1604 de
911 1564 1105 1605 Eoeoessu
1145 1564 1299 1621 Satyri
1317 1598 1326 1612 ,
1367 1573 1407 1605 et
1442 1565 1481 1605 in
1527 1564 1604 1605 hac

251 1638 529 1694 sequentique
552 1635 783 1683 Oratione,
822 1635 975 1690 quibus
999 1649 1173 1690 precum
1212 1649 1258 1675 ac
1298 1633 1606 1676 sacrificiorum

246 1725 326 1768 pro
355 1709 435 1750 vita
459 1706 614 1749 functis
640 1706 928 1747 institutorum
954 1721 1053 1746 usus
1072 1713 1297 1753 asseratur,
1315 1714 1362 1746 ut
1382 1715 1521 1747 tamen
1541 1705 1607 1746 alii

250 1782 473 1826 abessent,
516 1777 585 1818 hic
612 1791 719 1817 unus
743 1774 956 1817 sufficeret
980 1775 1217 1817 astruendae
1247 1775 1385 1816 eidem
1420 1775 1602 1817 veritati.

248 1849 333 1891 Sed
366 1863 450 1890 non
482 1848 593 1888 solus
630 1846 879 1888 Ambrosius
918 1846 1031 1887 illam
1079 1854 1255 1886 testatur
1287 1861 1296 1886 ε
1334 1845 1401 1887 alii
1439 1860 1606 1901 quoque

244 1920 389 1961 Patres
412 1933 462 1960 eo
487 1925 754 1959 concurrunt
776 1924 890 1957 tanta
915 1915 1148 1971 frequentia
1166 1948 1177 1963 ,
1201 1924 1245 1956 ut
1271 1915 1515 1957 heterodoxi
1539 1930 1606 1957 an-

247 1988 483 2045 tiquitatem
508 1986 701 2043 ejusdem
732 2001 831 2027 usus
856 2000 1083 2042 agnoscere
1116 1985 1276 2032 coacti,
1310 1986 1605 2027 tantummodo

245 2059 447 2102 effectum
470 2073 518 2100 ac
541 2056 669 2098 finem
698 2056 826 2113 ipsius
849 2056 1081 2098 obscurare
1104 2055 1313 2110 variisque
1332 2055 1514 2111 strophis
1533 2056 1606 2096 im-

246 2132 404 2189 plicare
429 2129 570 2172 conati
606 2129 700 2170 sint.
734 2127 1065 2184 Respondebant
1095 2126 1136 2167 hi
1165 2126 1335 2179 quidem
1359 2125 1459 2167 olim
1487 2141 1603 2168 com-

245 2201 363 2243 muni
387 2215 433 2242 ac
453 2199 514 2241 sui
530 2199 728 2255 temporis
747 2197 932 2255 opinioni
953 2197 1096 2238 Patres
1122 2196 1315 2243 cessisse3
1342 2211 1487 2238 verum
1506 2212 1603 2238 cum

248 2289 268 2314 a
293 2272 375 2313 fide
399 2272 614 2312 videretur
646 2269 820 2311 omnino
844 2268 1053 2315 alienum,
1094 2276 1139 2308 ut
1171 2267 1229 2308 illi
1259 2267 1334 2308 viri
1370 2276 1453 2309 tam
1481 2268 1604 2309 claris

247 2343 496 2387 Christiana:
518 2341 728 2398 religionis
756 2340 987 2381 luminibus
1012 2338 1206 2380 illustrati
1229 2371 1239 2386 ,
1267 2347 1471 2394 tantoque
1493 2339 1604 2380 illius

248 2414 300 2456 ab
324 2412 439 2454 omni
461 2412 556 2453 labe
574 2425 621 2452 ac
640 2411 806 2452 macula
824 2409 1087 2451 vindicandae
1105 2408 1311 2450 desiderio
1335 2408 1600 2457 inflammati,

245 2488 360 2526 huuc
384 2495 571 2524 errorem
587 2513 597 2528 ,
624 2480 654 2521 si
678 2480 847 2536 quidem
872 2493 991 2520 error
1014 2479 1082 2521 hic
1104 2487 1233 2526 esset,
1261 2494 1345 2519 non
1365 2479 1602 2535 deprehen-

246 2555 425 2602 dissent,
452 2560 524 2595 aut
546 2551 857 2608 deprehensum
881 2549 1026 2605 ignava
1049 2557 1089 2591 et
1121 2549 1232 2606 turpi
1257 2549 1601 2606 praevaricatione
