1774 3158
459 294 741 324 EPls'l’OLARUM
776 294 934 323 cLAssls
967 296 992 323 1.
1338 286 1422 335 425

74 376 252 419 liberam
274 385 522 433 permanere
545 372 716 430 patieris
744 387 754 414 ε
782 387 860 414 nec
896 373 1096 416 alienabis
1119 389 1210 417 eam
1226 407 1236 424 ,
1262 375 1344 418 hoe
1368 385 1431 419 est

75 445 186 488 enim
208 447 391 488 vendere
419 459 428 485 :
452 458 531 486 nec
564 451 809 486 contemnes
849 459 939 485 eam
957 477 966 492 ,
993 445 1067 487 sed
1101 446 1319 502 permittes
1341 463 1429 489 ser-

76 515 161 556 vire
183 529 274 556 eam
291 515 380 557 Deo
403 528 478 555 suo
497 513 535 554 in
547 513 737 555 castitate
752 512 848 555 fidei
866 546 876 561 ,
898 515 1158 556 etbonorum
1176 531 1350 573 operum
1369 532 1430 560 so-

79 584 266 628 brietate.
295 584 402 628 Vale
417 616 427 633 ‚
452 593 495 627 et
516 600 591 626 nos
610 584 758 641 dilige,
783 585 878 640 quia
896 599 972 627 nos
998 593 1038 627 te
1061 586 1287 642 diligimus.

76 764 812 778 mmmmmmmnmmwsvvszm
826 765 996 777 mmm
1005 766 1436 779 mmmmwzzsxm

491 886 752 930 EPISTOLA
786 886 956 930 XXXII
972 887 1003 929 ¹.

79 1026 278 1068 perdicis
297 1026 480 1083 fallacia
498 1036 537 1068 et
561 1025 748 1067 libidine
759 1026 1026 1067 adumbrari
1037 1026 1255 1068 Salonam
1278 1027 1431 1068 tradit.

139 1096 363 1148 Quomodo
384 1096 455 1137 hic
477 1095 1156 1153 elamandosibicongregaverit
1173 1098 1376 1153 populos,
1400 1106 1438 1137 (et

139 1182 208 1208 eos
234 1167 437 1209 Clu-istus
466 1168 600 1209 etiam
614 1167 849 1209 clamando
863 1168 922 1208 ad
934 1183 975 1209 se
993 1169 1265 1209 revocaverit
1288 1171 1309 1207 ,¹²
1339 1184 1439 1222 quo-

139 1252 301 1277 namve
315 1249 441 1292 paeto
464 1237 511 1278 id
529 1252 629 1278 eum
652 1237 848 1293 perdicis
876 1247 1041 1278 natura
1058 1238 1324 1278 conveniat?
1342 1236 1432 1277 Sub

140 1321 234 1360 quoe
256 1307 422 1363 colligit
433 1309 744 1350 nonina-essum
765 1304 996 1349 Christum
1019 1309 1241 1355 clamasse,
1259 1323 1309 1348 ae
1324 1317 1438 1364 posc-

140 1392 275 1431 quam
294 1377 492 1420 diabolus
521 1380 700 1421 omnino
727 1380 937 1436 spoliatas
958 1380 1114 1435 fuerit,
1133 1389 1237 1420 tunc
1253 1380 1437 1421 stultum

142 1447 285 1498 illum,
310 1464 438 1504 quem
460 1449 575 1491 Deus
596 1450 747 1508 elegit,
765 1450 940 1491 salvum
960 1449 1180 1504 futurum.

439 1604 686 1647 Ambrosius
709 1605 868 1648 Irenaeo
887 1606 1080 1648 salutem.

144 1754 176 1795 Ι.
212 1771 227 1791 «
245 1751 465 1795 CLAMAvx'r
485 1753 673 1810 perdrix,
695 1753 967 1811 congregavit
990 1768 1082 1810 quae
1105 1768 1190 1796 non
1209 1755 1428 1813 peperit².»

86 1823 203 1866 Licet
223 1823 333 1865 enim
352 1823 453 1865 mihi
478 1825 529 1865 de
541 1824 766 1881 superioris
786 1824 871 1866 fine
890 1824 1079 1881 epistolae
1094 1857 1104 1872 ‚
1124 1825 1336 1881 sequentis
1354 1842 1444 1867 mu-

86 1894 194 1935 tuari
209 1893 442 1935 exordium.
464 1893 750 1936 celeberrima
764 1894 937 1950 quaestio
963 1911 972 1943 ;
992 1902 1034 1935 et
1055 1893 1149 1936 ideo
1170 1903 1216 1935 ut
1239 1895 1444 1951 possimus

86 1979 178 2006 eam
205 1964 424 2006 absolvere
439 1997 449 2012 ‚
476 1963 578 2020 quid
597 1965 647 2005 de
666 1973 816 2006 natura
835 1964 920 2006 avis
941 1964 1061 2006 istius
1085 1964 1242 2006 habeat
1259 1965 1447 2015 historia,

87 2034 416 2076 consideremus.
440 2033 542 2075 Nam
562 2041 605 2074 et
620 2033 702 2075 hoc
717 2035 986 2077 considerare
1001 2049 1088 2076 non
1100 2035 1324 2077 mediocris
1343 2051 1445 2093 pru-

88 2104 239 2145 dentiae
272 2110 356 2151 est,
383 2103 592 2159 siquidem
621 2112 662 2145 et
696 2104 896 2146 Salomon
927 2104 1123 2161 cognovit
1153 2112 1323 2146 naturas
1362 2105 1446 2146 ani-

87 2174 258 2216 malium
277 2207 287 2223 ,
314 2182 355 2215 et
383 2174 550 2216 locutus
582 2183 643 2217 est
666 2176 718 2216 de
739 2174 990 2232 pecoribus,
1028 2183 1070 2217 et
1106 2175 1343 2218 volatilibus
1363 2207 1374 2224 ,
1404 2184 1446 2218 et

87 2247 139 2287 de
175 2244 420 2302 reptilibus,
445 2253 486 2286 et
504 2246 554 2286 de
580 2244 811 2302 piscibus³.

144 2316 194 2357 ΙΙ.
232 2315 396 2357 Dicitur
433 2315 574 2372 itaque
600 2316 683 2358 avis
717 2317 792 2357 ista
830 2317 953 2373 plena
988 2331 1078 2358 esse
1113 2314 1196 2358 doli
1211 2348 1222 2365 ,
1262 2315 1419 2359 fraudis
1436 2350 1447 2366 ,

87 2385 260 2427 fallaciae
276 2418 285 2433 ,
311 2401 403 2442 quae
427 2386 664 2443 decipiendi
689 2387 899 2428 venatoris
922 2386 1006 2428 vias
1030 2386 1204 2435 calleat,
1234 2394 1357 2443 atque
1380 2402 1447 2428 ar-

90 2463 150 2497 tes
170 2455 359 2503 noverit,
384 2465 430 2497 ut
454 2471 552 2497 eum
580 2472 600 2498 a
631 2457 755 2513 pullis
789 2464 950 2498 avertat
973 2456 1079 2504 suis;
1107 2455 1333 2512 omniaque
1354 2464 1449 2497 ten-

91 2533 273 2567 tamenta
293 2526 485 2569 versutiae
506 2542 589 2569 non
608 2526 933 2584 praetermittere
950 2557 959 2574 ,
974 2541 1058 2583 quo
1076 2525 1207 2583 possit
1225 2533 1448 2568 venantem

141 2627 148 2641 ¹
168 2617 293 2660 Scripta
310 2617 392 2650 circa
408 2628 483 2650 ann.
500 2619 575 2660 587.
593 2636 631 2644 —-
651 2628 662 2642 ²
684 2619 805 2651 Jerem.
824 2629 904 2655 xvn,
924 2629 974 2650 ιι.
991 2637 1029 2643 -
1049 2620 1062 2642 ³
1081 2618 1099 2649 5
1117 2618 1192 2659 Reg.
1215 2616 1326 2658 ¹v,55.
