<?xml version="1.0" encoding="UTF-8"?>
<!DOCTYPE html PUBLIC "-//W3C//DTD XHTML 1.0 Transitional//EN"
    "http://www.w3.org/TR/xhtml1/DTD/xhtml1-transitional.dtd">
<html xmlns="http://www.w3.org/1999/xhtml" xml:lang="en" lang="en">
 <head>
  <title>
</title>
<meta http-equiv="Content-Type" content="text/html;charset=utf-8" />
  <meta name='ocr-system' content='tesseract 3.04.00' />
  <meta name='ocr-capabilities' content='ocr_page ocr_carea ocr_par ocr_line ocrx_word'/>
</head>
<body>
  <div class='ocr_page' id='page_1' title='image "./omniaequaeextant08ambruoft_0273.png"; bbox 0 0 1774 3158; ppageno 0'>
   <div class='ocr_carea' id='block_1_1' title="bbox 507 201 1466 242">
    <p class='ocr_par' dir='ltr' id='par_1_1' title="bbox 507 201 1466 242">
     <span class='ocr_line' id='line_1_1' title="bbox 507 201 1466 242; baseline 0.003 -3"><span class='ocrx_word' id='word_1_1' title='bbox 507 209 790 239; x_wconf 61' lang='lat' dir='ltr'>zmsromnrn</span> <span class='ocrx_word' id='word_1_2' title='bbox 824 210 985 238; x_wconf 69' lang='lat' dir='ltr'>CLASSls</span> <span class='ocrx_word' id='word_1_3' title='bbox 1020 213 1046 238; x_wconf 87' lang='lat'>1.</span> <span class='ocrx_word' id='word_1_4' title='bbox 1386 201 1466 242; x_wconf 81' lang='lat'>263</span> 
     </span>
    </p>
   </div>
   <div class='ocr_carea' id='block_1_2' title="bbox 101 288 1471 2588">
    <p class='ocr_par' dir='ltr' id='par_1_2' title="bbox 115 288 1471 418">
     <span class='ocr_line' id='line_1_2' title="bbox 115 288 1471 347; baseline 0 -13"><span class='ocrx_word' id='word_1_5' title='bbox 115 304 190 335; x_wconf 89' lang='lat' dir='ltr'>nos</span> <span class='ocrx_word' id='word_1_6' title='bbox 208 290 389 333; x_wconf 75' lang='lat' dir='ltr'><strong>libenter</strong></span> <span class='ocrx_word' id='word_1_7' title='bbox 409 289 648 345; x_wconf 79' lang='lat' dir='ltr'>accepimus</span> <span class='ocrx_word' id='word_1_8' title='bbox 665 321 674 335; x_wconf 94' lang='lat'><strong>,</strong></span> <span class='ocrx_word' id='word_1_9' title='bbox 689 296 730 329; x_wconf 86' lang='lat' dir='ltr'>ct</span> <span class='ocrx_word' id='word_1_10' title='bbox 748 288 982 345; x_wconf 73' lang='lat' dir='ltr'>optavimus</span> <span class='ocrx_word' id='word_1_11' title='bbox 997 297 1042 329; x_wconf 86' lang='lat' dir='ltr'>ut</span> <span class='ocrx_word' id='word_1_12' title='bbox 1061 290 1309 346; x_wconf 81' lang='lat' dir='ltr'>probarent)</span> <span class='ocrx_word' id='word_1_13' title='bbox 1328 290 1471 347; x_wconf 82' lang='lat' dir='ltr'>sugere</span> 
     </span>
     <span class='ocr_line' id='line_1_3' title="bbox 116 359 1464 418; baseline 0 -14"><span class='ocrx_word' id='word_1_14' title='bbox 116 375 388 418; x_wconf 85' lang='lat' dir='ltr'>congressum</span> <span class='ocrx_word' id='word_1_15' title='bbox 413 359 524 401; x_wconf 90' lang='lat' dir='ltr'>illico</span> <span class='ocrx_word' id='word_1_16' title='bbox 541 391 552 410; x_wconf 92' lang='lat'>,</span> <span class='ocrx_word' id='word_1_17' title='bbox 574 367 615 400; x_wconf 84' lang='lat' dir='ltr'>et</span> <span class='ocrx_word' id='word_1_18' title='bbox 633 359 981 416; x_wconf 73' lang='lat' dir='ltr'>disceptationem</span> <span class='ocrx_word' id='word_1_19' title='bbox 1003 359 1212 401; x_wconf 77' lang='lat' dir='ltr'>declinare</span> <span class='ocrx_word' id='word_1_20' title='bbox 1228 371 1464 418; x_wconf 73' lang='lat' dir='ltr'>cmperunt.</span> 
     </span>
    </p>

    <p class='ocr_par' dir='ltr' id='par_1_3' title="bbox 107 423 1468 1395">
     <span class='ocr_line' id='line_1_4' title="bbox 166 423 1460 488; baseline 0.001 -15"><span class='ocrx_word' id='word_1_21' title='bbox 166 423 219 473; x_wconf 64' lang='lat' dir='ltr'>V.</span> <span class='ocrx_word' id='word_1_22' title='bbox 256 430 411 472; x_wconf 73' lang='lat' dir='ltr'>Multus</span> <span class='ocrx_word' id='word_1_23' title='bbox 432 437 573 470; x_wconf 83' lang='lat' dir='ltr'>tamen</span> <span class='ocrx_word' id='word_1_24' title='bbox 598 428 716 469; x_wconf 90' lang='lat' dir='ltr'>nobis</span> <span class='ocrx_word' id='word_1_25' title='bbox 745 443 841 469; x_wconf 85' lang='lat' dir='ltr'>cum</span> <span class='ocrx_word' id='word_1_26' title='bbox 867 428 931 471; x_wconf 88' lang='lat' dir='ltr'>his</span> <span class='ocrx_word' id='word_1_27' title='bbox 954 444 1090 470; x_wconf 87' lang='lat' dir='ltr'>sermo</span> <span class='ocrx_word' id='word_1_28' title='bbox 1110 430 1210 479; x_wconf 81' lang='lat' dir='ltr'>suit,</span> <span class='ocrx_word' id='word_1_29' title='bbox 1235 433 1460 488; x_wconf 79' lang='lat' dir='ltr'>propositae</span> 
     </span>
     <span class='ocr_line' id='line_1_5' title="bbox 118 497 1468 554; baseline 0.001 -13"><span class='ocrx_word' id='word_1_30' title='bbox 118 499 269 542; x_wconf 78' lang='lat' dir='ltr'>divinae</span> <span class='ocrx_word' id='word_1_31' title='bbox 300 498 341 540; x_wconf 89' lang='lat' dir='ltr'>in</span> <span class='ocrx_word' id='word_1_32' title='bbox 363 498 506 540; x_wconf 88' lang='lat' dir='ltr'>medio</span> <span class='ocrx_word' id='word_1_33' title='bbox 533 497 786 554; x_wconf 63' lang='lat' dir='ltr'>Scriptum,</span> <span class='ocrx_word' id='word_1_34' title='bbox 826 498 1087 554; x_wconf 82' lang='lat' dir='ltr'>disceptandi</span> <span class='ocrx_word' id='word_1_35' title='bbox 1120 500 1172 539; x_wconf 87' lang='lat' dir='ltr'>dc</span> <span class='ocrx_word' id='word_1_36' title='bbox 1198 500 1335 554; x_wconf 86' lang='lat' dir='ltr'>primo</span> <span class='ocrx_word' id='word_1_37' title='bbox 1372 510 1468 543; x_wconf 86' lang='lat' dir='ltr'>ortu</span> 
     </span>
     <span class='ocr_line' id='line_1_6' title="bbox 117 567 1464 624; baseline 0.001 -14"><span class='ocrx_word' id='word_1_38' title='bbox 117 568 199 611; x_wconf 87' lang='lat' dir='ltr'>diei</span> <span class='ocrx_word' id='word_1_39' title='bbox 219 568 260 610; x_wconf 87' lang='lat' dir='ltr'>in</span> <span class='ocrx_word' id='word_1_40' title='bbox 282 567 431 608; x_wconf 86' lang='lat' dir='ltr'>horam</span> <span class='ocrx_word' id='word_1_41' title='bbox 453 567 674 624; x_wconf 76' lang='lat' dir='ltr'><strong>septimam</strong></span> <span class='ocrx_word' id='word_1_42' title='bbox 698 567 814 624; x_wconf 80' lang='lat' dir='ltr'>copia</span> <span class='ocrx_word' id='word_1_43' title='bbox 840 568 933 608; x_wconf 79' lang='lat' dir='ltr'>data</span> <span class='ocrx_word' id='word_1_44' title='bbox 951 598 960 614; x_wconf 88' lang='lat'><em>,</em></span> <span class='ocrx_word' id='word_1_45' title='bbox 988 568 1120 608; x_wconf 78' lang='lat' dir='ltr'>delata</span> <span class='ocrx_word' id='word_1_46' title='bbox 1146 568 1358 623; x_wconf 74' lang='lat' dir='ltr'>patientia.</span> <span class='ocrx_word' id='word_1_47' title='bbox 1387 570 1464 611; x_wconf 76' lang='lat' dir='ltr'>At-</span> 
     </span>
     <span class='ocr_line' id='line_1_7' title="bbox 118 637 1466 696; baseline 0.001 -15"><span class='ocrx_word' id='word_1_48' title='bbox 118 654 200 696; x_wconf 84' lang='lat' dir='ltr'>que</span> <span class='ocrx_word' id='word_1_49' title='bbox 236 638 397 680; x_wconf 84' lang='lat' dir='ltr'>utinam</span> <span class='ocrx_word' id='word_1_50' title='bbox 425 652 560 695; x_wconf 82' lang='lat' dir='ltr'>pauca</span> <span class='ocrx_word' id='word_1_51' title='bbox 585 637 805 685; x_wconf 75' lang='lat' dir='ltr'>dixissent,</span> <span class='ocrx_word' id='word_1_52' title='bbox 841 639 904 679; x_wconf 88' lang='lat' dir='ltr'>vel</span> <span class='ocrx_word' id='word_1_53' title='bbox 932 645 1046 679; x_wconf 85' lang='lat' dir='ltr'>certe</span> <span class='ocrx_word' id='word_1_54' title='bbox 1083 653 1175 693; x_wconf 82' lang='lat' dir='ltr'>quae</span> <span class='ocrx_word' id='word_1_55' title='bbox 1199 639 1432 682; x_wconf 76' lang='lat' dir='ltr'>audivimus</span> <span class='ocrx_word' id='word_1_56' title='bbox 1453 674 1466 690; x_wconf 83' lang='lat'>‚</span> 
     </span>
     <span class='ocr_line' id='line_1_8' title="bbox 119 706 1466 766; baseline 0.001 -17"><span class='ocrx_word' id='word_1_57' title='bbox 119 723 338 766; x_wconf 82' lang='lat' dir='ltr'>possemus</span> <span class='ocrx_word' id='word_1_58' title='bbox 361 708 556 750; x_wconf 76' lang='lat' dir='ltr'>abolere!</span> <span class='ocrx_word' id='word_1_59' title='bbox 581 707 683 750; x_wconf 81' lang='lat' dir='ltr'>Nam</span> <span class='ocrx_word' id='word_1_60' title='bbox 697 706 908 763; x_wconf 80' lang='lat' dir='ltr'>sacrilegis</span> <span class='ocrx_word' id='word_1_61' title='bbox 930 707 1102 749; x_wconf 72' lang='lat' dir='ltr'>vocibus</span> <span class='ocrx_word' id='word_1_62' title='bbox 1117 722 1213 749; x_wconf 89' lang='lat' dir='ltr'>cum</span> <span class='ocrx_word' id='word_1_63' title='bbox 1233 709 1380 750; x_wconf 87' lang='lat' dir='ltr'>Arrius</span> <span class='ocrx_word' id='word_1_64' title='bbox 1397 725 1466 752; x_wconf 83' lang='lat' dir='ltr'>so-</span> 
     </span>
     <span class='ocr_line' id='line_1_9' title="bbox 115 777 1463 833; baseline 0.001 -13"><span class='ocrx_word' id='word_1_65' title='bbox 115 779 203 820; x_wconf 92' lang='lat' dir='ltr'>lum</span> <span class='ocrx_word' id='word_1_66' title='bbox 222 778 388 820; x_wconf 85' lang='lat' dir='ltr'>Patrem</span> <span class='ocrx_word' id='word_1_67' title='bbox 413 778 740 833; x_wconf 88' lang='lat' dir='ltr'>sempiternum.</span> <span class='ocrx_word' id='word_1_68' title='bbox 764 778 901 818; x_wconf 87' lang='lat' dir='ltr'>solum</span> <span class='ocrx_word' id='word_1_69' title='bbox 940 777 1100 818; x_wconf 88' lang='lat' dir='ltr'>bonum</span> <span class='ocrx_word' id='word_1_70' title='bbox 1119 810 1129 826; x_wconf 89' lang='lat'><em>‚</em></span> <span class='ocrx_word' id='word_1_71' title='bbox 1157 780 1293 820; x_wconf 86' lang='lat' dir='ltr'>solum</span> <span class='ocrx_word' id='word_1_72' title='bbox 1316 794 1463 822; x_wconf 81' lang='lat' dir='ltr'>verum</span> 
     </span>
     <span class='ocr_line' id='line_1_10' title="bbox 118 847 1466 906; baseline 0.001 -15"><span class='ocrx_word' id='word_1_73' title='bbox 118 848 280 895; x_wconf 81' lang='lat' dir='ltr'>Deum,</span> <span class='ocrx_word' id='word_1_74' title='bbox 303 849 439 889; x_wconf 88' lang='lat' dir='ltr'>solum</span> <span class='ocrx_word' id='word_1_75' title='bbox 473 847 831 889; x_wconf 80' lang='lat' dir='ltr'>immortalitatem</span> <span class='ocrx_word' id='word_1_76' title='bbox 863 848 1088 890; x_wconf 73' lang='lat' dir='ltr'>habentem</span> <span class='ocrx_word' id='word_1_77' title='bbox 1106 880 1114 896; x_wconf 88' lang='lat'><em>,</em></span> <span class='ocrx_word' id='word_1_78' title='bbox 1141 850 1277 891; x_wconf 87' lang='lat' dir='ltr'>solum</span> <span class='ocrx_word' id='word_1_79' title='bbox 1296 851 1466 906; x_wconf 80' lang='lat' dir='ltr'>sapien—</span> 
     </span>
     <span class='ocr_line' id='line_1_11' title="bbox 115 918 1465 975; baseline 0.001 -15"><span class='ocrx_word' id='word_1_80' title='bbox 115 927 224 967; x_wconf 87' lang='lat' dir='ltr'>tem,</span> <span class='ocrx_word' id='word_1_81' title='bbox 250 920 385 960; x_wconf 82' lang='lat' dir='ltr'>solum</span> <span class='ocrx_word' id='word_1_82' title='bbox 408 925 625 974; x_wconf 86' lang='lat' dir='ltr'>potentem</span> <span class='ocrx_word' id='word_1_83' title='bbox 645 918 825 959; x_wconf 87' lang='lat' dir='ltr'>dicendo</span> <span class='ocrx_word' id='word_1_84' title='bbox 842 951 851 966; x_wconf 88' lang='lat'>‚</span> <span class='ocrx_word' id='word_1_85' title='bbox 887 927 1103 975; x_wconf 76' lang='lat' dir='ltr'>expertem</span> <span class='ocrx_word' id='word_1_86' title='bbox 1133 920 1286 961; x_wconf 85' lang='lat' dir='ltr'>horum</span> <span class='ocrx_word' id='word_1_87' title='bbox 1310 922 1465 963; x_wconf 71' lang='lat' dir='ltr'>filium</span> 
     </span>
     <span class='ocr_line' id='line_1_12' title="bbox 112 987 1463 1046; baseline 0.001 -16"><span class='ocrx_word' id='word_1_88' title='bbox 112 988 238 1045; x_wconf 84' lang='lat' dir='ltr'>impia</span> <span class='ocrx_word' id='word_1_89' title='bbox 256 987 589 1029; x_wconf 81' lang='lat' dir='ltr'>commonitione</span> <span class='ocrx_word' id='word_1_90' title='bbox 602 987 801 1029; x_wconf 80' lang='lat' dir='ltr'>voluisset</span> <span class='ocrx_word' id='word_1_91' title='bbox 823 987 1023 1043; x_wconf 74' lang='lat' dir='ltr'>intelligi;</span> <span class='ocrx_word' id='word_1_92' title='bbox 1050 989 1114 1030; x_wconf 84' lang='lat' dir='ltr'>isti</span> <span class='ocrx_word' id='word_1_93' title='bbox 1131 988 1300 1031; x_wconf 74' lang='lat' dir='ltr'>Arrium</span> <span class='ocrx_word' id='word_1_94' title='bbox 1324 991 1463 1046; x_wconf 84' lang='lat' dir='ltr'>potius</span> 
     </span>
     <span class='ocr_line' id='line_1_13' title="bbox 110 1057 1461 1114; baseline 0.001 -15"><span class='ocrx_word' id='word_1_95' title='bbox 110 1057 253 1114; x_wconf 86' lang='lat' dir='ltr'>sequi,</span> <span class='ocrx_word' id='word_1_96' title='bbox 290 1072 417 1114; x_wconf 84' lang='lat' dir='ltr'>quam</span> <span class='ocrx_word' id='word_1_97' title='bbox 438 1057 745 1114; x_wconf 83' lang='lat' dir='ltr'>sempiternum</span> <span class='ocrx_word' id='word_1_98' title='bbox 786 1058 922 1099; x_wconf 88' lang='lat' dir='ltr'>Deum</span> <span class='ocrx_word' id='word_1_99' title='bbox 946 1058 1021 1099; x_wconf 86' lang='lat' dir='ltr'>Dei</span> <span class='ocrx_word' id='word_1_100' title='bbox 1044 1059 1196 1099; x_wconf 81' lang='lat' dir='ltr'>Filium</span> <span class='ocrx_word' id='word_1_101' title='bbox 1212 1090 1225 1105; x_wconf 87' lang='lat'><strong><em>,</em></strong></span> <span class='ocrx_word' id='word_1_102' title='bbox 1250 1068 1292 1100; x_wconf 78' lang='lat' dir='ltr'>et</span> <span class='ocrx_word' id='word_1_103' title='bbox 1314 1074 1461 1100; x_wconf 73' lang='lat' dir='ltr'>verum</span> 
     </span>
     <span class='ocr_line' id='line_1_14' title="bbox 108 1127 1460 1184; baseline 0.001 -15"><span class='ocrx_word' id='word_1_104' title='bbox 108 1127 245 1170; x_wconf 83' lang='lat' dir='ltr'>Deum</span> <span class='ocrx_word' id='word_1_105' title='bbox 261 1160 271 1176; x_wconf 91' lang='lat'>,</span> <span class='ocrx_word' id='word_1_106' title='bbox 296 1135 336 1169; x_wconf 77' lang='lat' dir='ltr'>et</span> <span class='ocrx_word' id='word_1_107' title='bbox 364 1127 524 1168; x_wconf 87' lang='lat' dir='ltr'>bonum</span> <span class='ocrx_word' id='word_1_108' title='bbox 544 1127 702 1174; x_wconf 90' lang='lat' dir='ltr'>Deum,</span> <span class='ocrx_word' id='word_1_109' title='bbox 726 1136 769 1168; x_wconf 83' lang='lat' dir='ltr'>et</span> <span class='ocrx_word' id='word_1_110' title='bbox 803 1128 1033 1184; x_wconf 78' lang='lat' dir='ltr'>sapientem</span> <span class='ocrx_word' id='word_1_111' title='bbox 1049 1161 1057 1175; x_wconf 88' lang='lat'><em>,</em></span> <span class='ocrx_word' id='word_1_112' title='bbox 1083 1137 1124 1169; x_wconf 82' lang='lat' dir='ltr'>et</span> <span class='ocrx_word' id='word_1_113' title='bbox 1142 1136 1356 1184; x_wconf 82' lang='lat' dir='ltr'>potentem</span> <span class='ocrx_word' id='word_1_114' title='bbox 1377 1160 1387 1176; x_wconf 90' lang='lat'><strong>,</strong></span> <span class='ocrx_word' id='word_1_115' title='bbox 1417 1138 1460 1170; x_wconf 84' lang='lat' dir='ltr'>et</span> 
     </span>
     <span class='ocr_line' id='line_1_15' title="bbox 109 1194 1462 1241; baseline 0.001 -2"><span class='ocrx_word' id='word_1_116' title='bbox 109 1197 472 1239; x_wconf 81' lang='lat' dir='ltr'>immortalitatem</span> <span class='ocrx_word' id='word_1_117' title='bbox 498 1197 723 1239; x_wconf 78' lang='lat' dir='ltr'>habentem</span> <span class='ocrx_word' id='word_1_118' title='bbox 746 1199 969 1240; x_wconf 81' lang='lat' dir='ltr'>voluerunt</span> <span class='ocrx_word' id='word_1_119' title='bbox 993 1199 1126 1240; x_wconf 68' lang='lat' dir='ltr'>fateri.</span> <span class='ocrx_word' id='word_1_120' title='bbox 1156 1199 1306 1240; x_wconf 63' lang='lat' dir='ltr'>Multas</span> <span class='ocrx_word' id='word_1_121' title='bbox 1338 1194 1462 1241; x_wconf 85' lang='lat' dir='ltr'>horas</span> 
     </span>
     <span class='ocr_line' id='line_1_16' title="bbox 107 1267 1461 1324; baseline 0.001 -15"><span class='ocrx_word' id='word_1_122' title='bbox 107 1267 264 1309; x_wconf 79' lang='lat' dir='ltr'>frustra</span> <span class='ocrx_word' id='word_1_123' title='bbox 292 1267 648 1324; x_wconf 74' lang='lat' dir='ltr'><strong>consumpsimus.</strong></span> <span class='ocrx_word' id='word_1_124' title='bbox 674 1268 902 1309; x_wconf 79' lang='lat' dir='ltr'>Crescebat</span> <span class='ocrx_word' id='word_1_125' title='bbox 930 1269 1099 1310; x_wconf 82' lang='lat' dir='ltr'>illorum</span> <span class='ocrx_word' id='word_1_126' title='bbox 1125 1269 1337 1324; x_wconf 81' lang='lat' dir='ltr'>impietas,</span> <span class='ocrx_word' id='word_1_127' title='bbox 1381 1284 1461 1311; x_wconf 88' lang='lat' dir='ltr'>nec</span> 
     </span>
     <span class='ocr_line' id='line_1_17' title="bbox 109 1337 720 1395; baseline -0.002 -15"><span class='ocrx_word' id='word_1_128' title='bbox 109 1337 263 1394; x_wconf 81' lang='lat' dir='ltr'>corrigi</span> <span class='ocrx_word' id='word_1_129' title='bbox 285 1339 370 1379; x_wconf 87' lang='lat' dir='ltr'>ullo</span> <span class='ocrx_word' id='word_1_130' title='bbox 393 1346 558 1395; x_wconf 85' lang='lat' dir='ltr'>poterat</span> <span class='ocrx_word' id='word_1_131' title='bbox 580 1337 720 1380; x_wconf 84' lang='lat' dir='ltr'>modo.</span> 
     </span>
    </p>

    <p class='ocr_par' dir='ltr' id='par_1_4' title="bbox 103 1406 1464 2237">
     <span class='ocr_line' id='line_1_18' title="bbox 166 1406 1460 1464; baseline 0 -15"><span class='ocrx_word' id='word_1_132' title='bbox 166 1406 237 1449; x_wconf 61' lang='lat' dir='ltr'>Vl.</span> <span class='ocrx_word' id='word_1_133' title='bbox 273 1406 466 1462; x_wconf 85' lang='lat' dir='ltr'>Denique</span> <span class='ocrx_word' id='word_1_134' title='bbox 490 1422 587 1448; x_wconf 89' lang='lat' dir='ltr'>cum</span> <span class='ocrx_word' id='word_1_135' title='bbox 615 1407 806 1449; x_wconf 82' lang='lat' dir='ltr'>viderent</span> <span class='ocrx_word' id='word_1_136' title='bbox 824 1422 866 1449; x_wconf 92' lang='lat' dir='ltr'>se</span> <span class='ocrx_word' id='word_1_137' title='bbox 893 1407 1003 1450; x_wconf 85' lang='lat' dir='ltr'>Arrii</span> <span class='ocrx_word' id='word_1_138' title='bbox 1027 1408 1212 1464; x_wconf 83' lang='lat' dir='ltr'>epistolae</span> <span class='ocrx_word' id='word_1_139' title='bbox 1235 1408 1460 1464; x_wconf 82' lang='lat' dir='ltr'>sacrilegiis</span> 
     </span>
     <span class='ocr_line' id='line_1_19' title="bbox 106 1475 1464 1534; baseline 0.001 -16"><span class='ocrx_word' id='word_1_140' title='bbox 106 1475 325 1534; x_wconf 80' lang='lat' dir='ltr'>perurgeri</span> <span class='ocrx_word' id='word_1_141' title='bbox 353 1479 504 1532; x_wconf 88' lang='lat' dir='ltr'>(quam</span> <span class='ocrx_word' id='word_1_142' title='bbox 534 1476 628 1518; x_wconf 89' lang='lat' dir='ltr'>ideo</span> <span class='ocrx_word' id='word_1_143' title='bbox 655 1477 922 1519; x_wconf 75' lang='lat' dir='ltr'>subdidimus</span> <span class='ocrx_word' id='word_1_144' title='bbox 940 1510 950 1525; x_wconf 91' lang='lat'>,</span> <span class='ocrx_word' id='word_1_145' title='bbox 989 1487 1033 1519; x_wconf 86' lang='lat' dir='ltr'>ut</span> <span class='ocrx_word' id='word_1_146' title='bbox 1063 1493 1153 1518; x_wconf 83' lang='lat' dir='ltr'>eam</span> <span class='ocrx_word' id='word_1_147' title='bbox 1177 1478 1304 1519; x_wconf 81' lang='lat' dir='ltr'>etiam</span> <span class='ocrx_word' id='word_1_148' title='bbox 1329 1487 1464 1520; x_wconf 74' lang='lat' dir='ltr'>vestra</span> 
     </span>
     <span class='ocr_line' id='line_1_20' title="bbox 109 1546 1460 1603; baseline 0 -15"><span class='ocrx_word' id='word_1_149' title='bbox 109 1546 333 1588; x_wconf 85' lang='lat' dir='ltr'>clementia</span> <span class='ocrx_word' id='word_1_150' title='bbox 369 1546 736 1603; x_wconf 79' lang='lat' dir='ltr'>perhorresceret)</span> <span class='ocrx_word' id='word_1_151' title='bbox 768 1547 998 1588; x_wconf 79' lang='lat' dir='ltr'>resilientes</span> <span class='ocrx_word' id='word_1_152' title='bbox 1041 1548 1091 1587; x_wconf 90' lang='lat' dir='ltr'>de</span> <span class='ocrx_word' id='word_1_153' title='bbox 1116 1547 1252 1588; x_wconf 83' lang='lat' dir='ltr'>media</span> <span class='ocrx_word' id='word_1_154' title='bbox 1273 1547 1460 1603; x_wconf 81' lang='lat' dir='ltr'>epistolae</span> 
     </span>
     <span class='ocr_line' id='line_1_21' title="bbox 106 1616 1453 1673; baseline -0.001 -15"><span class='ocrx_word' id='word_1_155' title='bbox 106 1617 316 1665; x_wconf 85' lang='lat' dir='ltr'>lectione,</span> <span class='ocrx_word' id='word_1_156' title='bbox 352 1616 563 1673; x_wconf 82' lang='lat' dir='ltr'>petierunt</span> <span class='ocrx_word' id='word_1_157' title='bbox 586 1625 632 1656; x_wconf 85' lang='lat' dir='ltr'>ut</span> <span class='ocrx_word' id='word_1_158' title='bbox 660 1630 806 1657; x_wconf 85' lang='lat' dir='ltr'>eorum</span> <span class='ocrx_word' id='word_1_159' title='bbox 839 1616 1063 1672; x_wconf 86' lang='lat' dir='ltr'>propositis</span> <span class='ocrx_word' id='word_1_160' title='bbox 1087 1617 1453 1671; x_wconf 80' lang='lat' dir='ltr'>responderemus.</span> 
     </span>
     <span class='ocr_line' id='line_1_22' title="bbox 108 1685 1456 1743; baseline 0.001 -16"><span class='ocrx_word' id='word_1_161' title='bbox 108 1686 366 1742; x_wconf 83' lang='lat' dir='ltr'>Quanquam</span> <span class='ocrx_word' id='word_1_162' title='bbox 402 1701 490 1727; x_wconf 89' lang='lat' dir='ltr'>non</span> <span class='ocrx_word' id='word_1_163' title='bbox 512 1695 622 1728; x_wconf 86' lang='lat' dir='ltr'>esset</span> <span class='ocrx_word' id='word_1_164' title='bbox 645 1686 805 1727; x_wconf 86' lang='lat' dir='ltr'>ordinis</span> <span class='ocrx_word' id='word_1_165' title='bbox 817 1701 952 1741; x_wconf 87' lang='lat' dir='ltr'>neque</span> <span class='ocrx_word' id='word_1_166' title='bbox 969 1685 1159 1733; x_wconf 83' lang='lat' dir='ltr'>rationis.</span> <span class='ocrx_word' id='word_1_167' title='bbox 1179 1694 1224 1727; x_wconf 87' lang='lat' dir='ltr'>ut</span> <span class='ocrx_word' id='word_1_168' title='bbox 1247 1687 1456 1743; x_wconf 79' lang='lat' dir='ltr'>proposita</span> 
     </span>
     <span class='ocr_line' id='line_1_23' title="bbox 104 1756 1456 1813; baseline -0.001 -14"><span class='ocrx_word' id='word_1_169' title='bbox 104 1757 534 1813; x_wconf 80' lang='lat' dir='ltr'>interrumperemus;</span> <span class='ocrx_word' id='word_1_170' title='bbox 558 1770 892 1812; x_wconf 82' lang='lat' dir='ltr'>responsumque</span> <span class='ocrx_word' id='word_1_171' title='bbox 910 1765 1019 1797; x_wconf 86' lang='lat' dir='ltr'>esset</span> <span class='ocrx_word' id='word_1_172' title='bbox 1040 1771 1060 1796; x_wconf 84' lang='lat' dir='ltr'>a</span> <span class='ocrx_word' id='word_1_173' title='bbox 1087 1756 1207 1797; x_wconf 77' lang='lat' dir='ltr'>nobis</span> <span class='ocrx_word' id='word_1_174' title='bbox 1222 1765 1267 1797; x_wconf 86' lang='lat' dir='ltr'>ut</span> <span class='ocrx_word' id='word_1_175' title='bbox 1286 1758 1456 1798; x_wconf 83' lang='lat' dir='ltr'>damua-</span> 
     </span>
     <span class='ocr_line' id='line_1_24' title="bbox 105 1826 1457 1884; baseline -0.002 -14"><span class='ocrx_word' id='word_1_176' title='bbox 105 1836 200 1871; x_wconf 80' lang='lat' dir='ltr'>rent</span> <span class='ocrx_word' id='word_1_177' title='bbox 223 1828 333 1870; x_wconf 88' lang='lat' dir='ltr'>Arrii</span> <span class='ocrx_word' id='word_1_178' title='bbox 358 1827 612 1884; x_wconf 83' lang='lat' dir='ltr'>impietates,</span> <span class='ocrx_word' id='word_1_179' title='bbox 634 1835 675 1868; x_wconf 80' lang='lat' dir='ltr'>et</span> <span class='ocrx_word' id='word_1_180' title='bbox 699 1826 913 1882; x_wconf 78' lang='lat' dir='ltr'>dequibus</span> <span class='ocrx_word' id='word_1_181' title='bbox 935 1827 1086 1867; x_wconf 75' lang='lat' dir='ltr'>vellent</span> <span class='ocrx_word' id='word_1_182' title='bbox 1102 1858 1113 1873; x_wconf 90' lang='lat'>‚</span> <span class='ocrx_word' id='word_1_183' title='bbox 1139 1826 1309 1873; x_wconf 86' lang='lat' dir='ltr'>ordine,</span> <span class='ocrx_word' id='word_1_184' title='bbox 1337 1827 1457 1868; x_wconf 85' lang='lat' dir='ltr'>loco-</span> 
     </span>
     <span class='ocr_line' id='line_1_25' title="bbox 105 1896 1458 1955; baseline -0.001 -16"><span class='ocrx_word' id='word_1_185' title='bbox 105 1913 187 1955; x_wconf 88' lang='lat' dir='ltr'>que</span> <span class='ocrx_word' id='word_1_186' title='bbox 208 1906 397 1945; x_wconf 83' lang='lat' dir='ltr'>servato‚</span> <span class='ocrx_word' id='word_1_187' title='bbox 425 1911 572 1938; x_wconf 86' lang='lat' dir='ltr'>eorum</span> <span class='ocrx_word' id='word_1_188' title='bbox 596 1896 899 1937; x_wconf 72' lang='lat' dir='ltr'>intentionibus</span> <span class='ocrx_word' id='word_1_189' title='bbox 928 1897 1458 1952; x_wconf 69' lang='lat' dir='ltr'>responderemus:tamen</span> 
     </span>
     <span class='ocr_line' id='line_1_26' title="bbox 107 1966 1454 2024; baseline -0.001 -15"><span class='ocrx_word' id='word_1_190' title='bbox 107 1967 663 2024; x_wconf 81' lang='lat' dir='ltr'>acquievimuspraeposterae</span> <span class='ocrx_word' id='word_1_191' title='bbox 676 1966 1454 2022; x_wconf 70' lang='lat' dir='ltr'>voluntati.lbitumEvangeliiscripta</span> 
     </span>
     <span class='ocr_line' id='line_1_27' title="bbox 105 2036 1458 2095; baseline -0.003 -14"><span class='ocrx_word' id='word_1_192' title='bbox 105 2039 300 2081; x_wconf 78' lang='lat' dir='ltr'>falsantes</span> <span class='ocrx_word' id='word_1_193' title='bbox 315 2071 325 2086; x_wconf 91' lang='lat'><strong><em>,</em></strong></span> <span class='ocrx_word' id='word_1_194' title='bbox 347 2046 656 2095; x_wconf 82' lang='lat' dir='ltr'>proposuerunt</span> <span class='ocrx_word' id='word_1_195' title='bbox 676 2037 796 2078; x_wconf 86' lang='lat' dir='ltr'>nobis</span> <span class='ocrx_word' id='word_1_196' title='bbox 811 2067 821 2083; x_wconf 86' lang='lat'>,</span> <span class='ocrx_word' id='word_1_197' title='bbox 842 2036 991 2077; x_wconf 78' lang='lat' dir='ltr'>dixisse</span> <span class='ocrx_word' id='word_1_198' title='bbox 1012 2037 1236 2076; x_wconf 74' lang='lat' dir='ltr'>Dominum</span> <span class='ocrx_word' id='word_1_199' title='bbox 1261 2050 1270 2076; x_wconf 87' lang='lat'>:</span> <span class='ocrx_word' id='word_1_200' title='bbox 1291 2036 1375 2086; x_wconf 81' lang='lat' dir='ltr'>Qui</span> <span class='ocrx_word' id='word_1_201' title='bbox 1391 2051 1458 2077; x_wconf 88' lang='lat' dir='ltr'>me</span> 
     </span>
     <span class='ocr_line' id='line_1_28' title="bbox 104 2107 1457 2165; baseline -0.002 -14"><span class='ocrx_word' id='word_1_202' title='bbox 104 2110 246 2158; x_wconf 83' lang='lat' dir='ltr'>misit,</span> <span class='ocrx_word' id='word_1_203' title='bbox 289 2109 425 2165; x_wconf 82' lang='lat' dir='ltr'>major</span> <span class='ocrx_word' id='word_1_204' title='bbox 452 2124 520 2151; x_wconf 89' lang='lat' dir='ltr'>me</span> <span class='ocrx_word' id='word_1_205' title='bbox 541 2117 628 2155; x_wconf 88' lang='lat' dir='ltr'>est;</span> <span class='ocrx_word' id='word_1_206' title='bbox 664 2122 760 2150; x_wconf 88' lang='lat' dir='ltr'>cum</span> <span class='ocrx_word' id='word_1_207' title='bbox 791 2108 909 2148; x_wconf 76' lang='lat' dir='ltr'>aliter</span> <span class='ocrx_word' id='word_1_208' title='bbox 927 2107 1132 2164; x_wconf 83' lang='lat' dir='ltr'>scriptum</span> <span class='ocrx_word' id='word_1_209' title='bbox 1159 2108 1309 2148; x_wconf 65' lang='lat' dir='ltr'>docet-t</span> <span class='ocrx_word' id='word_1_210' title='bbox 1329 2107 1457 2148; x_wconf 82' lang='lat' dir='ltr'>series</span> 
     </span>
     <span class='ocr_line' id='line_1_29' title="bbox 103 2180 439 2237; baseline -0.012 -13"><span class='ocrx_word' id='word_1_211' title='bbox 103 2180 439 2237; x_wconf 83' lang='lat' dir='ltr'>Scripturarum.</span> 
     </span>
    </p>

    <p class='ocr_par' dir='ltr' id='par_1_5' title="bbox 101 2247 1456 2588">
     <span class='ocr_line' id='line_1_30' title="bbox 167 2247 1454 2305; baseline -0.001 -15"><span class='ocrx_word' id='word_1_212' title='bbox 167 2250 251 2292; x_wconf 66' lang='lat' dir='ltr'>xli.</span> <span class='ocrx_word' id='word_1_213' title='bbox 289 2247 518 2305; x_wconf 80' lang='lat' dir='ltr'>Redarguti</span> <span class='ocrx_word' id='word_1_214' title='bbox 537 2248 587 2288; x_wconf 86' lang='lat' dir='ltr'>de</span> <span class='ocrx_word' id='word_1_215' title='bbox 611 2247 784 2288; x_wconf 63' lang='lat' dir='ltr'>salsum·</span> <span class='ocrx_word' id='word_1_216' title='bbox 809 2257 928 2294; x_wconf 84' lang='lat' dir='ltr'>suut,</span> <span class='ocrx_word' id='word_1_217' title='bbox 952 2256 996 2288; x_wconf 85' lang='lat' dir='ltr'>ut</span> <span class='ocrx_word' id='word_1_218' title='bbox 1017 2248 1269 2296; x_wconf 72' lang='lat' dir='ltr'>faterentur3</span> <span class='ocrx_word' id='word_1_219' title='bbox 1298 2262 1373 2289; x_wconf 86' lang='lat' dir='ltr'>nec</span> <span class='ocrx_word' id='word_1_220' title='bbox 1393 2256 1454 2289; x_wconf 81' lang='lat' dir='ltr'>ta-</span> 
     </span>
     <span class='ocr_line' id='line_1_31' title="bbox 105 2317 1456 2362; baseline -0.001 -1"><span class='ocrx_word' id='word_1_221' title='bbox 105 2334 202 2362; x_wconf 87' lang='lat' dir='ltr'>men</span> <span class='ocrx_word' id='word_1_222' title='bbox 244 2319 406 2360; x_wconf 82' lang='lat' dir='ltr'>ratione</span> <span class='ocrx_word' id='word_1_223' title='bbox 444 2317 638 2359; x_wconf 84' lang='lat' dir='ltr'>correcti.</span> <span class='ocrx_word' id='word_1_224' title='bbox 684 2318 786 2360; x_wconf 70' lang='lat' dir='ltr'>Nam</span> <span class='ocrx_word' id='word_1_225' title='bbox 813 2333 910 2359; x_wconf 82' lang='lat' dir='ltr'>cum</span> <span class='ocrx_word' id='word_1_226' title='bbox 950 2318 1186 2359; x_wconf 84' lang='lat' dir='ltr'>diceremus</span> <span class='ocrx_word' id='word_1_227' title='bbox 1221 2320 1456 2360; x_wconf 85' lang='lat' dir='ltr'>secundum</span> 
     </span>
     <span class='ocr_line' id='line_1_32' title="bbox 104 2388 1451 2444; baseline -0.002 -12"><span class='ocrx_word' id='word_1_228' title='bbox 104 2389 240 2432; x_wconf 84' lang='lat' dir='ltr'>caruis</span> <span class='ocrx_word' id='word_1_229' title='bbox 261 2389 572 2444; x_wconf 79' lang='lat' dir='ltr'>susceptionem</span> <span class='ocrx_word' id='word_1_230' title='bbox 597 2389 801 2429; x_wconf 81' lang='lat' dir='ltr'>minorem</span> <span class='ocrx_word' id='word_1_231' title='bbox 827 2389 949 2430; x_wconf 67' lang='lat' dir='ltr'>Putre</span> <span class='ocrx_word' id='word_1_232' title='bbox 974 2403 1049 2428; x_wconf 86' lang='lat' dir='ltr'>suo</span> <span class='ocrx_word' id='word_1_233' title='bbox 1075 2388 1226 2429; x_wconf 83' lang='lat' dir='ltr'>Filium</span> <span class='ocrx_word' id='word_1_234' title='bbox 1252 2388 1358 2435; x_wconf 87' lang='lat' dir='ltr'>diei,</span> <span class='ocrx_word' id='word_1_235' title='bbox 1384 2403 1451 2430; x_wconf 83' lang='lat' dir='ltr'>se·</span> 
     </span>
     <span class='ocr_line' id='line_1_33' title="bbox 103 2457 1455 2514; baseline -0.002 -13"><span class='ocrx_word' id='word_1_236' title='bbox 103 2460 291 2502; x_wconf 81' lang='lat' dir='ltr'>cundum</span> <span class='ocrx_word' id='word_1_237' title='bbox 309 2459 578 2500; x_wconf 81' lang='lat' dir='ltr'>Divinitatem</span> <span class='ocrx_word' id='word_1_238' title='bbox 617 2468 754 2500; x_wconf 78' lang='lat' dir='ltr'>autem</span> <span class='ocrx_word' id='word_1_239' title='bbox 776 2474 850 2514; x_wconf 86' lang='lat' dir='ltr'>pro</span> <span class='ocrx_word' id='word_1_240' title='bbox 871 2458 1118 2499; x_wconf 79' lang='lat' dir='ltr'>testimoniis</span> <span class='ocrx_word' id='word_1_241' title='bbox 1139 2457 1455 2514; x_wconf 77' lang='lat' dir='ltr'>Scripturarum</span> 
     </span>
     <span class='ocr_line' id='line_1_34' title="bbox 101 2527 1454 2588; baseline 0 -16"><span class='ocrx_word' id='word_1_242' title='bbox 101 2544 246 2588; x_wconf 82' lang='lat' dir='ltr'>parem</span> <span class='ocrx_word' id='word_1_243' title='bbox 265 2529 375 2572; x_wconf 82' lang='lat' dir='ltr'>Patri</span> <span class='ocrx_word' id='word_1_244' title='bbox 397 2537 440 2572; x_wconf 81' lang='lat' dir='ltr'>et</span> <span class='ocrx_word' id='word_1_245' title='bbox 457 2530 658 2585; x_wconf 68' lang='lat' dir='ltr'>aequalem</span> <span class='ocrx_word' id='word_1_246' title='bbox 682 2529 875 2586; x_wconf 81' lang='lat' dir='ltr'>probari,</span> <span class='ocrx_word' id='word_1_247' title='bbox 904 2543 980 2571; x_wconf 84' lang='lat' dir='ltr'>nee</span> <span class='ocrx_word' id='word_1_248' title='bbox 1003 2538 1125 2585; x_wconf 77' lang='lat' dir='ltr'>posse</span> <span class='ocrx_word' id='word_1_249' title='bbox 1165 2527 1223 2570; x_wconf 84' lang='lat' dir='ltr'>ibi</span> <span class='ocrx_word' id='word_1_250' title='bbox 1252 2541 1342 2569; x_wconf 80' lang='lat' dir='ltr'>esse</span> <span class='ocrx_word' id='word_1_251' title='bbox 1370 2528 1454 2572; x_wconf 63' lang='lat' dir='ltr'>dis·</span> 
     </span>
    </p>
   </div>
  </div>
 </body>
</html>
