1774 3158
295 211 346 253 52
831 221 863 248 s.
901 219 1093 248 AMBnosu

292 300 544 358 exemplum,
560 297 654 354 quia
667 297 877 354 generavit
896 312 992 354 ager
1010 296 1163 352 frugeS,
1180 304 1221 337 et
1235 295 1327 337 idco
1341 302 1637 352 generaturum

291 385 380 412 esse
398 367 715 426 praesumimus:
731 367 951 413 decorum,
972 366 1067 422 quia
1091 375 1131 408 et
1155 365 1227 406 ubi
1249 366 1432 406 fructum
1453 379 1536 405 non
1559 378 1638 420 pu-

291 450 446 486 tamuS,
476 438 626 479 decere
651 445 791 478 tamen
814 436 1043 485 credimus,
1066 443 1114 477 ut
1135 435 1298 478 virtutis
1321 449 1445 492 opera
1467 434 1639 476 minime

294 511 546 552 deseramus.

348 578 434 620 LII.
472 577 643 634 Singula
676 575 801 633 igitur
829 575 1001 632 singulis
1030 583 1286 618 astruuntur.
1322 575 1473 619 Tribus
1499 584 1638 617 tamen

289 647 522 690 evidentius
557 646 768 703 colligitur
800 645 1121 687 resurrectionis
1152 644 1278 693 fides,
1315 646 1467 702 quibus
1499 646 1638 687 omnia

291 717 709 774 comprehenduntur
734 730 743 757 ε
769 715 955 764 ratione,
981 715 1259 757 universitatis
1282 717 1497 773 exemplo,
1522 717 1640 758 testi-

290 788 432 830 monio
456 787 515 829 rei
537 794 686 844 gestae3
712 786 809 842 quia
827 785 997 843 plurimi
1019 796 1300 830 surrexerunt.
1326 788 1446 831 Ratio
1472 788 1640 830 evidens

291 867 378 907 cst;
414 857 510 914 quia
540 871 637 898 cum
666 855 801 898 omnis
836 856 928 898 vitae
960 865 1112 898 nostrae
1142 872 1240 899 usus
1269 857 1311 898 in
1338 857 1524 914 corporis
1556 858 1640 899 ani-

290 942 452 983 maeque
485 926 696 968 consortio
727 925 797 975 sit,
829 927 1083 969 resurrectio
1116 935 1254 969 autem
1292 935 1362 969 aut
1392 927 1492 969 honi
1525 935 1640 969 actus

292 998 511 1056 praemium
530 997 698 1046 habeat,
722 1005 793 1039 aut
808 1012 977 1054 poenam
1000 998 1207 1055 improbi3
1231 1013 1402 1040 necesse
1420 997 1471 1039 sit
1490 1013 1641 1055 corpus

290 1081 525 1124 resurgere,
545 1066 666 1123 cujus
690 1075 807 1108 actus
835 1059 1100 1124 exlienditur.
1132 1068 1357 1119 Quomodo
1380 1067 1492 1110 enim
1514 1067 1555 1108 in
1580 1066 1642 1123 ju-

292 1137 449 1179 dicium
472 1136 693 1177 vocabitur
710 1137 845 1178 anima
873 1137 961 1178 sine
982 1152 1176 1194 corpore,
1202 1152 1299 1180 cum
1323 1138 1374 1181 de
1395 1152 1470 1180 suo
1491 1146 1532 1180 et
1553 1152 1641 1180 cor-

289 1205 402 1264 poris
421 1204 700 1247 contubernio
719 1206 826 1247 ratio
844 1208 1078 1263 praestanda
1097 1206 1176 1249 sit?

349 1276 454 1318 LIII.
492 1275 759 1318 Resurrectio
785 1277 980 1318 omnibus
1016 1277 1215 1319 attributa
1237 1285 1300 1319 est
1319 1278 1418 1319 :sed
1439 1277 1533 1320 ideo
1562 1277 1642 1320 ‹lis—

291 1345 402 1387 ficile
420 1346 623 1393 creditur,
643 1345 739 1402 quia
761 1360 846 1388 non
868 1355 1058 1388 nostrum
1074 1346 1286 1395 meritum,
1305 1347 1378 1388 sed
1395 1347 1470 1390 Dei
1491 1362 1642 1389 munus

291 1423 369 1458 est.
411 1415 549 1457 Prima
587 1415 713 1472 igitur
748 1417 1066 1459 resurrectionis
1101 1416 1206 1459 fides
1244 1433 1343 1459 usus
1378 1426 1442 1460 est
1475 1419 1639 1467 mnndi,

289 1499 520 1542 rerumque
547 1492 679 1527 status
703 1486 917 1535 omnium,
952 1487 1268 1544 generationum
1301 1489 1450 1538 series,
1477 1503 1643 1531 succes·

293 1556 458 1598 sionum
485 1555 618 1604 vices,
651 1555 791 1597 obitus
818 1564 1019 1613 ortusque
1045 1557 1288 1614 signorum,
1326 1558 1407 1600 diei
1438 1566 1479 1600 et
1507 1558 1642 1600 noctis

293 1641 483 1676 occasus,
517 1641 749 1683 eorumque
772 1626 959 1683 quotidie
987 1635 1186 1683 tanquam
1210 1627 1393 1670 rediviva
1415 1629 1637 1671 successio.

289 1696 628 1753 Temperamenti
662 1712 830 1753 quoque
863 1698 1053 1752 genitalis
1079 1697 1206 1754 hujus
1234 1706 1355 1740 terrae
1388 1698 1508 1741 aliter
1537 1700 1641 1741 ratio

293 1767 462 1808 subesse
480 1780 564 1808 non
582 1774 737 1824 posset,
756 1767 835 1808 nisi
852 1767 1040 1808 humoris
1063 1767 1190 1824 ipsius
1207 1782 1292 1824 quo
1318 1769 1458 1810 omnia
1477 1778 1642 1811 terrena

291 1844 563 1892 generantur,
589 1845 792 1892 quantum
815 1836 956 1878 diurni
988 1837 1084 1878 solis
1109 1845 1231 1879 aestus
1254 1848 1522 1895 excoqueret,
1550 1848 1642 1881 tan-

293 1915 383 1948 tum
407 1922 502 1948 rore
523 1916 732 1949 nocturno
759 1908 974 1964 dispositio
999 1908 1137 1949 divina
1159 1918 1385 1966 repararet.
1416 1910 1519 1953 Nam
1542 1911 1642 1967 qnid

294 1979 346 2019 de
373 1977 579 2019 fructibus
605 1978 783 2033 loquar?
808 1978 956 2021 Nonne
979 1979 1052 2020 tibi
1074 1979 1269 2021 videntur
1295 1981 1514 2031 occidere,
1545 1996 1641 2023 cum

293 2046 749 2103 deciduntxresurgere
767 2081 775 2095 ,
804 2062 901 2090 cum
935 2048 1225 2091 revirescunt?
1248 2051 1375 2102 Quod
1402 2060 1539 2094 satum
1561 2060 1638 2099 est,

292 2116 624 2173 resurgitzquod
655 2128 867 2161 mortuum
896 2128 981 2169 est,
1013 2121 1216 2176 resurgit3
1243 2129 1283 2163 et
1317 2122 1358 2163 in
1392 2124 1538 2166 eadem
1569 2139 1641 2180 ge—

292 2200 410 2234 nera,
439 2186 480 2227 in
509 2188 675 2230 easdem
710 2189 868 2246 species
901 2189 1162 2233 reformatur.
1200 2192 1285 2234 Hos
1316 2200 1425 2235 terra
1457 2193 1641 2250 primum

293 2255 476 2298 reddidit
509 2257 691 2307 fructus,
726 2259 768 2300 in
794 2259 857 2301 his
888 2260 1070 2317 primum
1102 2270 1251 2304 natura
1284 2271 1425 2305 nostra
1458 2263 1640 2321 speciem

290 2326 610 2369 resurrectionis
638 2328 798 2370 imitata
823 2338 898 2371 est.

349 2393 452 2436 LIV.
493 2396 606 2446 Quid
628 2398 794 2440 dubitas
821 2401 873 2453 de
895 2414 1072 2457 corpore
1095 2415 1248 2458 corpus
1275 2401 1520 2460 resurgere?
1540 2401 1641 2443 Gra·

288 2477 392 2505 num
422 2464 599 2515 seritur,
631 2483 807 2525 granum
834 2471 1225 2528 resurgit:pomum
1257 2473 1435 2522 decidit,
1465 2486 1638 2530 pomum

287 2533 468 2591 resurgit
477 2551 488 2584 ς
509 2536 581 2580 sed
600 2536 703 2581 ssore
725 2554 902 2596 granum
923 2540 1128 2591 induitur,
1148 2542 1420 2599 folliculoque
1437 2541 1635 2584 vestitur:
