1774 3158
495 205 779 235 EPISTOLARUM
813 205 970 234 CLASSIS
1004 208 1030 235 1.
1379 205 1454 247 191

110 298 186 341 pro
210 283 288 325 illis
322 283 566 339 sanguinem
595 297 716 324 suum
733 314 743 330 ,
768 281 949 324 effundit
981 284 1058 326 illis
1081 283 1282 342 Spiritum
1305 298 1426 327 suum
1445 315 1456 331 ‚

113 344 234 396 offer-t
259 354 336 396 illis
360 369 535 411 regnum
557 369 695 396 suum.
724 353 837 404 Quid
863 352 1040 409 amplius
1065 355 1206 403 dabit,
1231 355 1301 412 qui
1326 371 1369 397 se
1394 355 1458 412 ip-

112 439 202 466 sum
221 423 404 465 obtulit?
424 425 507 466 Aut
525 424 625 480 quid
645 430 706 465 est
729 423 841 479 quod
859 437 942 463 non
962 423 1013 464 sit
1036 424 1208 466 daturus
1226 425 1367 472 Pater,
1389 425 1460 481 qui

112 509 187 551 pro
209 494 327 535 nobis
353 494 522 535 unicum
542 493 695 535 Filium
719 492 891 534 tradidit
913 492 1061 534 morti⁵
1080 492 1097 534 Ξ)
1117 493 1309 536 Admone
1334 494 1460 551 igitur

113 563 203 604 illos
226 563 380 604 servire
406 563 585 604 Domino
624 563 664 604 in
688 561 916 604 sobrietate
949 570 990 603 et
1013 561 1164 618 gratia,
1197 570 1281 605 tota
1308 563 1460 604 mentis

113 632 331 673 sedulitate
349 631 508 688 erigere
530 633 676 673 oculos
708 632 760 672 ad
787 630 997 678 coelestia,
1029 630 1134 672 nihil
1158 646 1314 687 ponere
1338 633 1377 672 in
1402 634 1459 673 lu-

113 716 207 749 cro,
236 702 313 743 nisi
346 703 459 758 quod
490 703 582 743 vitae
614 711 778 743 aeternae
802 701 879 749 sit3
916 715 1012 741 nam
1046 701 1124 742 iste
1161 702 1297 743 omnis
1334 702 1461 757 hujus

116 781 296 829 quaestus
321 773 460 815 saeculi
491 773 725 823 animarum
754 771 1021 828 dispendium
1050 780 1125 813 est.
1153 772 1343 829 Denique
1372 789 1463 815 om-

115 844 230 885 nium
255 844 554 885 detrimentum
582 859 724 900 passus
746 850 829 890 est,
859 843 929 898 qui
957 843 1124 884 volebat
1152 842 1366 885 Christum
1398 845 1464 885 lu-

117 913 246 955 crari²
271 929 279 955 :
305 915 419 970 quod
442 914 516 955 etsi
535 913 783 954 mirabiliter
802 912 972 960 dixerit,
993 913 1129 954 minus
1149 921 1286 954 tamen
1303 928 1465 971 expres-

116 984 187 1024 sit.
215 999 340 1039 quam
377 991 608 1039 acceperat.
637 983 714 1024 Hic
753 983 865 1024 enim
905 983 956 1023 de
991 983 1133 1024 alienis
1176 983 1342 1025 locutus
1377 992 1461 1032 est,

118 1050 309 1093 Christus
333 1062 470 1094 antem
498 1052 600 1093 dixit
629 1067 670 1093 z«
687 1052 771 1104 Qui
802 1053 886 1093 vult
905 1060 997 1108 post
1014 1067 1080 1093 me
1099 1052 1264 1101 venire,
1288 1054 1465 1109 abneget

118 1137 190 1164 »se
219 1123 354 1180 ipsum
373 1122 474 1164 sibi³
493 1141 503 1171 ;
521 1143 533 1161 o
550 1131 594 1164 ut
611 1123 698 1180 ipse
719 1138 841 1165 suum
871 1123 1173 1170 detrimentum
1195 1124 1268 1172 sit,
1289 1140 1372 1180 quo
1395 1124 1466 1166 fiat

117 1193 282 1234 lucrum
308 1193 474 1234 Christi.
500 1193 668 1235 Caduca
693 1193 780 1235 haec
805 1193 962 1241 omnia,
981 1208 1078 1235 cum
1100 1195 1275 1242 damno,
1297 1195 1383 1236 sine
1400 1196 1467 1236 lu-

120 1277 191 1303 cro
213 1277 221 1303 :
249 1263 350 1304 illud
373 1264 508 1304 solum
537 1271 598 1304 cst
624 1264 789 1304 lucrum
805 1296 815 1311 ,
842 1263 913 1304 ubi
939 1262 1100 1315 fructus
1122 1271 1373 1321 perpetuus,
1394 1265 1467 1306 ubi

178 1402 364 1445 XXVII:
394 1403 658 1445 Commendo
686 1403 783 1451 tibi,
810 1402 895 1453 fili,
930 1403 1184 1452 Ecclesiam,
1213 1418 1305 1460 quae
1331 1413 1392 1447 est
1417 1405 1467 1446 ad

120 1473 276 1515 Forum
320 1474 502 1515 Cornelii
545 1475 664 1531 (67),
703 1489 785 1530 quo
819 1488 916 1515 eam
946 1475 996 1515 de
1023 1474 1214 1531 proximo
1248 1475 1467 1516 intervisas
1511 1525 1521 1532 ·

118 1543 376 1599 frequentius
394 1576 403 1590 ‚
451 1545 585 1585 donec
624 1544 661 1585 ei
702 1543 921 1585 ordinetur
948 1543 1184 1600 episcopus.
1225 1543 1468 1600 Occupatus

122 1613 267 1654 diebus
285 1613 575 1670 ingruentibus
593 1613 941 1670 quadragesime,
960 1621 1043 1654 tam
1060 1614 1183 1670 longe
1201 1629 1284 1655 non
1299 1629 1468 1671 possum

121 1698 355 1724 excurrere.

181 1753 376 1796 XXVIII.
413 1755 550 1795 Habes
568 1754 654 1795 illic
677 1753 840 1810 Illyrios
864 1754 914 1795 de
937 1754 1044 1795 mala
1068 1754 1258 1796 doctrina
1271 1753 1472 1796 Arriano-

124 1839 216 1865 run]
234 1858 242 1871 ‚
269 1837 369 1864 cave
392 1839 541 1865 eorum
565 1823 749 1878 zizjjssiaz
775 1838 860 1864 non
889 1823 1228 1881 appropinquent
1244 1823 1437 1865 fidelibus
1456 1857 1466 1871 ‚
1516 1831 1561 1859 ἐ’
1587 1837 1598 1846 “

125 1910 208 1935 non
245 1903 412 1951 serpant
448 1894 679 1936 adulterina
704 1894 860 1935 semina
892 1910 900 1935 ε
936 1896 1156 1936 advertant
1191 1895 1261 1951 qui
1300 1903 1472 1952 propter
1499 1920 1515 1934 s

126 1979 240 2004 snam
264 1963 481 2021 perfidiam
508 1964 706 2006 acciderit
731 1964 809 2006 sibi
838 1964 927 2022 (68)
948 1997 958 2013 ,
985 1964 1201 2020 quiescant
1219 1998 1228 2013 ,
1252 1971 1299 2005 ut
1334 1979 1471 2006 veram

128 2034 251 2076 fidem
278 2043 519 2091 sequantur.
543 2035 721 2078 Difficile
746 2035 916 2092 quidem
935 2035 1087 2077 imbuti
1110 2035 1237 2077 animi
1257 2034 1474 2076 infidelita-

128 2104 177 2145 tis
203 2105 368 2146 venenis
406 2106 572 2147 abolere
604 2114 776 2162 possunt
808 2105 1032 2162 impietatis
1062 2121 1145 2147 suae
1173 2104 1408 2162 gltltiQm;
1441 2105 1472 2145 si

125 2184 266 2216 tamen
288 2174 327 2216 in
351 2176 398 2217 iis
416 2176 526 2217 virus
548 2175 775 2217 infaustum
799 2175 1042 2224 inoleverit,
1066 2189 1145 2216 nec
1172 2174 1293 2216 facile
1310 2174 1357 2215 iis
1382 2189 1472 2215 cre-

131 2245 315 2286 dendum
342 2254 475 2301 putes.
500 2244 623 2287 Nervi
647 2245 759 2286 enim
779 2253 903 2294 sunt,
922 2254 963 2286 et
985 2245 1156 2301 quidam
1181 2253 1293 2285 artus
1320 2239 1516 2300 sapien-‘¹

133 2314 219 2361 tiae,
250 2329 335 2355 non
367 2323 525 2356 temere
552 2315 746 2363 credere,
776 2314 958 2356 maxime
998 2315 1040 2356 in
1078 2328 1201 2356 cansa
1229 2312 1352 2361 fidei,
1384 2328 1474 2369 quae

132 2399 225 2426 raro
246 2384 430 2441 perfecta
452 2393 514 2426 est
533 2385 573 2426 in
594 2384 851 2426 hominibus.

192 2455 355 2498 XXIX.
395 2456 552 2497 Tamen
573 2455 605 2497 si
625 2454 716 2511 quis
740 2463 831 2503 est,
854 2454 923 2511 qui
940 2454 1040 2496 licet
1061 2462 1265 2512 suspectae
1287 2454 1338 2496 sit
1361 2452 1478 2495 infir-

186 2554 192 2566 ¹
213 2547 308 2579 Rom.
323 2556 396 2583 vni,
414 2544 469 2579 52.
487 2563 526 2569 —
543 2554 555 2568 ¹
577 2544 696 2587 Philip.
712 2557 762 2583 ιιι,
780 2545 812 2578 8.
827 2563 866 2570 -
887 2547 899 2568 3
918 2546 998 2578 Luc.
1015 2556 1060 2584 lx,
1084 2545 1133 2578 25.
