1774 3158
472 271 753 301 EplsTOLARUM
788 271 947 300 CLASSIS
981 273 1004 299 1.
1358 262 1434 302 181

79 352 203 408 hujus
232 365 382 409 magno
421 350 523 392 illisa
563 351 766 391 resultent
794 349 984 406 fragore;
1014 349 1143 392 habet
1185 358 1322 393 tamen
1357 367 1439 408 quo

78 424 322 465 laborantes
345 420 549 477 excipiat,
578 419 831 461 tutissimum
861 427 1033 475 portum
1060 421 1218 462 salutis.

139 493 189 533 II.
227 491 308 532 Sed
334 500 474 532 tamen
495 490 570 531 etsi
593 490 632 530 in
652 489 759 530 mari
783 489 959 530 fluctuat
977 522 986 535 ‚
1012 489 1142 529 currit
1170 490 1209 531 in
1237 489 1434 532 [lumini-

82 562 174 609 bus;
190 570 231 602 et
257 561 349 602 vide
370 560 475 601 nein
500 560 576 601 illis
599 559 844 601 {luminibus
859 559 1009 614 magis,
1028 558 1245 615 dequibus
1270 560 1432 602 dictum

82 641 143 673 est
168 645 208 672 τα
225 632 504 673 Elevaverunt
526 630 698 671 ssumina
720 645 864 671 vocem
886 628 1049 670 suam¹.
1074 647 1089 667 1>
1104 628 1211 671 Sunt
1232 631 1343 672 enim
1363 631 1438 672 ssu-

81 701 192 743 mina
212 734 220 748 ‚
245 717 337 757 quae
368 702 418 742 de
441 708 585 741 ventre
609 700 700 756 ejus
722 698 901 747 ssuout²,
927 699 995 755 qui
1016 707 1163 756 potum
1208 715 1227 740 a
1263 700 1432 742 Christo

83 771 323 828 acceperit:
350 771 460 811 etde
487 769 645 825 Spiritu
663 770 737 811 Dei
757 770 995 826 sumpserit.
1017 771 1113 810 [Iaec
1126 784 1225 826 ergo
1240 769 1430 817 flumina,
1463 793 1477 803 κ

83 856 178 882 cum
193 841 431 882 redundant
449 839 623 896 spiritali
646 839 797 896 gratia,
814 841 979 880 elevant
994 853 1138 880 vocem
1163 854 1296 880 suam.
1316 840 1440 880 Estet

82 911 232 953 ssuvius
259 911 329 967 qui
373 910 554 952 decurrit
588 910 628 952 in
654 919 820 951 sanctos
855 925 951 951 suos
979 909 1088 950 sicut
1117 908 1320 952 torrens³.
1364 910 1437 952 Est

82 989 122 1022 et
143 981 328 1022 fluminis
351 981 553 1039 impetus,
575 980 645 1036 qui
668 979 850 1021 laetisicat
874 980 1056 1021 animam
1077 978 1341 1036 pacificam⁵‚
1373 988 1437 1021 at-

84 1066 163 1106 que
181 1051 540 1107 tranquillam.Ex
554 1050 679 1105 hujus
701 1049 1160 1106 ssuminisplenitudine
1181 1050 1437 1107 quicumque

85 1121 294 1177 acceperit
308 1152 317 1166 ,
337 1120 445 1161 sicut
460 1119 644 1161 Joanues
660 1120 909 1176 evangelista
927 1151 936 1166 ,
956 1119 1063 1161 sicut
1080 1119 1228 1160 Petrus
1250 1128 1292 1161 et
1327 1120 1439 1161 Pau-

83 1192 146 1232 lus
160 1223 169 1241 ,
190 1191 325 1231 elevat
344 1204 488 1231 vocem
507 1205 622 1230 suam
643 1205 651 1230 ε
670 1198 712 1230 et
728 1189 1036 1245 sicutApostoii
1056 1189 1304 1245 cvangelicae
1328 1204 1434 1247 prae-

87 1260 305 1302 dicationis
324 1275 469 1300 vocem
491 1259 681 1315 usquein
707 1267 815 1300 totos
849 1260 952 1300 fines
977 1258 1090 1300 orbis
1127 1268 1334 1300 terrarum
1373 1273 1438 1300 ca-

87 1344 190 1371 noro
215 1329 476 1370 diffuderunt
499 1328 727 1387 ρι’ἓρ-ᾳηίο,
749 1329 802 1369 ila
821 1337 861 1369 ct
883 1328 960 1369 iste
984 1319 1137 1385 'incipit
1153 1328 1438 1385 evangelizare

86 1400 315 1441 Dominum
337 1399 496 1441 Jesum.
524 1399 680 1455 Accipe
698 1413 797 1455 ergo
820 1413 840 1438 a
867 1397 1034 1439 Christo
1055 1431 1064 1445 ,
1093 1407 1137 1440 ut
1168 1405 1208 1439 et
1244 1406 1340 1439 tuus
1375 1411 1437 1438 so-

86 1484 164 1511 nus
196 1477 328 1510 exeat.

145 1540 217 1581 Ill.
254 1539 366 1582 Mare
392 1547 453 1580 est
490 1537 705 1595 Scriptura
745 1537 882 1579 divina
899 1569 910 1585 ,
955 1537 1113 1578 habens
1137 1536 1178 1579 in
1215 1552 1258 1578 se
1294 1551 1438 1578 sensus

87 1609 316 1666 profundos
332 1641 342 1656 ,
366 1617 407 1650 et
430 1609 696 1650 altitudinem
715 1607 1063 1664 propheticorum
1091 1606 1358 1663 aenigmatum
1376 1605 1440 1646 :in

88 1681 200 1737 quod
219 1695 332 1720 mare
347 1679 526 1737 plurima
556 1679 810 1720 introierunt
833 1678 1024 1720 flumina.
1047 1677 1152 1718 Sunt
1168 1691 1267 1733 ergo
1292 1684 1332 1717 et
1358 1675 1441 1717 ssu-

88 1752 141 1793 vii
166 1753 308 1793 dulces
332 1759 455 1806 atque
477 1749 714 1807 perspicui,
740 1757 836 1789 sunt
864 1757 905 1789 ct
943 1748 1078 1788 l'ontcs
1107 1746 1215 1787 nivei
1234 1778 1243 1792 ,
1277 1745 1347 1802 qui
1383 1761 1425 1806 sAa

89 1822 191 1881 Q&
214 1823 256 1863 in
293 1822 418 1862 vitam
457 1819 680 1862 aeternam⁵
703 1835 711 1860 :
734 1827 829 1860 sunt
860 1826 901 1859 ct
942 1832 1156 1859 sermones
1186 1817 1310 1863 boni,
1335 1804 1444 1858 sicut

89 1891 168 1934 favi
189 1890 346 1933 mellis⁵
371 1906 380 1932 :
409 1899 450 1932 et
467 1899 592 1948 gratae
611 1889 850 1937 sententiae,
878 1903 969 1944 quae
994 1887 1154 1929 animos
1181 1886 1441 1927 audientium

91 1961 264 2020 spiritali
290 1961 473 2017 quodam
497 1968 598 2016 potu
621 1959 818 2016 irrigent,
841 1963 883 1999 et
899 1964 1207 2015 praeceptorum
1221 1955 1444 1996 moralium

91 2032 294 2075 suavitate
317 2033 543 2073 mulceant.
574 2029 745 2071 Diversa
778 2029 906 2085 igitur
937 2028 1252 2084 Scripturarum
1292 2025 1446 2067 divina-

91 2119 185 2145 rum
211 2101 409 2144 ssuenta⁷.
433 2101 570 2143 Habes
594 2101 708 2156 quod
732 2099 916 2156 primum
932 2097 1054 2139 bibas
1071 2129 1080 2147 ‚
1101 2096 1230 2138 hahes
1251 2096 1365 2151 quod
1382 2109 1448 2136 se-

92 2173 279 2214 cundum
295 2205 305 2221 ,
325 2172 456 2213 habes
477 2171 592 2228 quod
615 2177 897 2227 postremum.

151 2241 220 2284 lv.
245 2241 403 2298 Collige
422 2254 571 2297 aquam
586 2238 763 2287 Christi,
783 2238 896 2279 illam
914 2236 1161 2293 quaelaudat
1175 2234 1443 2277 Dominum&

95 2311 253 2368 Collige
285 2325 433 2368 aquam
457 2311 508 2351 de
530 2309 722 2366 pluribus
744 2307 850 2350 locis
867 2339 877 2355 ,
902 2320 1028 2363 quam
1053 2304 1279 2346 effundunt
1313 2304 1448 2363 nubes

93 2380 362 2438 propheticae.
393 2379 662 2436 Quicumque
687 2377 848 2434 colligit
871 2378 921 2418 de
945 2375 1160 2417 montibus
1189 2389 1365 2430 aquam,
1394 2381 1452 2414 at-

93 2467 175 2509 que
199 2451 250 2492 ad
273 2466 317 2492 se
331 2450 477 2499 trahit,
502 2451 566 2492 vel
589 2449 728 2491 haurit
748 2464 771 2490 e
794 2448 978 2489 fontibus
994 2479 1003 2494 ,
1030 2454 1071 2487 et
1090 2446 1176 2502 ipse
1202 2451 1316 2504 roga}
1340 2443 1451 2484 sicut

143 2566 150 2579 ¹
173 2556 256 2589 Psal.
272 2554 394 2591 xcu,3.
414 2572 454 2578 -
479 2564 490 2578 ²
508 2554 603 2585 Joan.
618 2565 673 2586 vn.
692 2553 744 2584 58.
765 2571 804 2576 —
823 2553 835 2575 ⁸
863 2552 937 2583 lsai.
957 2561 1042 2585 cxvi.
1060 2560 1110 2580 υ.
1127 2565 1165 2572 -
1194 2550 1207 2573 ⁴
1232 2546 1316 2579 Psal.
1333 2557 1403 2584 ην,
1419 2546 1452 2576 5.

98 2627 136 2635 --
157 2612 170 2634 ⁵
184 2610 344 2648 Joan.1v,
373 2609 422 2646 ιά.
438 2625 477 2633 -
493 2609 508 2631 ⁶
526 2607 622 2640 Prov,
649 2618 715 2643 xvi,
735 2606 787 2645 ²4·
801 2623 841 2631 —
868 2612 879 2635 ⁷
897 2604 973 2636 lsai.
991 2615 1035 2640 ix,
1052 2605 1127 2634 5.-
1146 2604 1159 2624 ⁸
1175 2600 1259 2635 Psal.
1275 2609 1408 2637 cxnvin,
1423 2599 1457 2631 5.
