<?xml version="1.0" encoding="UTF-8"?>
<!DOCTYPE html PUBLIC "-//W3C//DTD XHTML 1.0 Transitional//EN"
    "http://www.w3.org/TR/xhtml1/DTD/xhtml1-transitional.dtd">
<html xmlns="http://www.w3.org/1999/xhtml" xml:lang="en" lang="en">
 <head>
  <title>
</title>
<meta http-equiv="Content-Type" content="text/html;charset=utf-8" />
  <meta name='ocr-system' content='tesseract 3.04.00' />
  <meta name='ocr-capabilities' content='ocr_page ocr_carea ocr_par ocr_line ocrx_word'/>
</head>
<body>
  <div class='ocr_page' id='page_1' title='image "./omniaequaeextant08ambruoft_0383.png"; bbox 0 0 1774 3158; ppageno 0'>
   <div class='ocr_carea' id='block_1_1' title="bbox 511 267 1458 321">
    <p class='ocr_par' dir='ltr' id='par_1_1' title="bbox 511 267 1458 321">
     <span class='ocr_line' id='line_1_1' title="bbox 511 267 1458 321; baseline 0.001 -16"><span class='ocrx_word' id='word_1_1' title='bbox 511 277 791 305; x_wconf 68' lang='lat' dir='ltr'><strong>Eris&#39;rorAauM</strong></span> <span class='ocrx_word' id='word_1_2' title='bbox 825 277 982 304; x_wconf 65' lang='lat' dir='ltr'><strong>CLAsffls</strong></span> <span class='ocrx_word' id='word_1_3' title='bbox 1018 279 1043 304; x_wconf 89' lang='lat'><strong>1.</strong></span> <span class='ocrx_word' id='word_1_4' title='bbox 1377 267 1458 321; x_wconf 69' lang='lat'><strong>373</strong></span> 
     </span>
    </p>
   </div>
   <div class='ocr_carea' id='block_1_2' title="bbox 98 354 1462 2662">
    <p class='ocr_par' dir='ltr' id='par_1_2' title="bbox 110 354 1461 760">
     <span class='ocr_line' id='line_1_2' title="bbox 112 354 1459 413; baseline 0 -16"><span class='ocrx_word' id='word_1_5' title='bbox 112 356 200 413; x_wconf 83' lang='lat' dir='ltr'><strong>ipse</strong></span> <span class='ocrx_word' id='word_1_6' title='bbox 234 355 436 398; x_wconf 77' lang='lat' dir='ltr'>Dominus</span> <span class='ocrx_word' id='word_1_7' title='bbox 470 370 551 396; x_wconf 89' lang='lat' dir='ltr'><strong>non</strong></span> <span class='ocrx_word' id='word_1_8' title='bbox 576 365 720 411; x_wconf 85' lang='lat' dir='ltr'><strong>quarta</strong></span> <span class='ocrx_word' id='word_1_9' title='bbox 746 354 908 395; x_wconf 85' lang='lat' dir='ltr'><strong>decima</strong></span> <span class='ocrx_word' id='word_1_10' title='bbox 949 355 1046 395; x_wconf 89' lang='lat' dir='ltr'><strong>luna</strong></span> <span class='ocrx_word' id='word_1_11' title='bbox 1083 369 1229 411; x_wconf 84' lang='lat' dir='ltr'><strong>passus</strong></span> <span class='ocrx_word' id='word_1_12' title='bbox 1262 364 1350 403; x_wconf 83' lang='lat' dir='ltr'><strong>est,</strong></span> <span class='ocrx_word' id='word_1_13' title='bbox 1388 358 1459 397; x_wconf 85' lang='lat' dir='ltr'><strong>sed</strong></span> 
     </span>
     <span class='ocr_line' id='line_1_3' title="bbox 112 424 1456 480; baseline 0.001 -16"><span class='ocrx_word' id='word_1_14' title='bbox 112 425 257 480; x_wconf 84' lang='lat' dir='ltr'><strong>quinta</strong></span> <span class='ocrx_word' id='word_1_15' title='bbox 278 426 453 473; x_wconf 83' lang='lat' dir='ltr'><strong>decima,</strong></span> <span class='ocrx_word' id='word_1_16' title='bbox 469 433 509 466; x_wconf 86' lang='lat' dir='ltr'><strong>et</strong></span> <span class='ocrx_word' id='word_1_17' title='bbox 530 425 703 480; x_wconf 88' lang='lat' dir='ltr'><strong>septima</strong></span> <span class='ocrx_word' id='word_1_18' title='bbox 725 424 886 464; x_wconf 84' lang='lat' dir='ltr'><strong>decima</strong></span> <span class='ocrx_word' id='word_1_19' title='bbox 911 424 1147 465; x_wconf 83' lang='lat' dir='ltr'><strong>resurrexit.</strong></span> <span class='ocrx_word' id='word_1_20' title='bbox 1165 425 1287 475; x_wconf 85' lang='lat' dir='ltr'><strong>Quod</strong></span> <span class='ocrx_word' id='word_1_21' title='bbox 1310 425 1340 465; x_wconf 89' lang='lat' dir='ltr'><strong>si</strong></span> <span class='ocrx_word' id='word_1_22' title='bbox 1368 440 1456 465; x_wconf 87' lang='lat' dir='ltr'><strong>mo-</strong></span> 
     </span>
     <span class='ocr_line' id='line_1_4' title="bbox 111 495 1461 551; baseline -0.001 -14"><span class='ocrx_word' id='word_1_23' title='bbox 111 505 200 543; x_wconf 80' lang='lat' dir='ltr'><strong>vet,</strong></span> <span class='ocrx_word' id='word_1_24' title='bbox 227 497 321 551; x_wconf 88' lang='lat' dir='ltr'><strong>qnia</strong></span> <span class='ocrx_word' id='word_1_25' title='bbox 347 504 537 551; x_wconf 76' lang='lat' dir='ltr'>quartam</span> <span class='ocrx_word' id='word_1_26' title='bbox 563 495 768 536; x_wconf 79' lang='lat' dir='ltr'>decimam</span> <span class='ocrx_word' id='word_1_27' title='bbox 794 495 936 535; x_wconf 85' lang='lat' dir='ltr'><strong>lunam</strong></span> <span class='ocrx_word' id='word_1_28' title='bbox 972 503 1249 542; x_wconf 84' lang='lat' dir='ltr'><strong>transeuntes,</strong></span> <span class='ocrx_word' id='word_1_29' title='bbox 1277 511 1368 550; x_wconf 66' lang='lat' dir='ltr'><strong>qnze</strong></span> <span class='ocrx_word' id='word_1_30' title='bbox 1394 496 1461 536; x_wconf 88' lang='lat' dir='ltr'><strong>die</strong></span> 
     </span>
     <span class='ocr_line' id='line_1_5' title="bbox 110 564 1458 620; baseline -0.002 -12"><span class='ocrx_word' id='word_1_31' title='bbox 110 566 332 608; x_wconf 87' lang='lat' dir='ltr'><strong>Dominica</strong></span> <span class='ocrx_word' id='word_1_32' title='bbox 360 565 522 616; x_wconf 82' lang='lat' dir='ltr'><strong>incidit,</strong></span> <span class='ocrx_word' id='word_1_33' title='bbox 546 564 625 606; x_wconf 87' lang='lat' dir='ltr'><strong>hoc</strong></span> <span class='ocrx_word' id='word_1_34' title='bbox 649 573 732 612; x_wconf 84' lang='lat' dir='ltr'><strong>est,</strong></span> <span class='ocrx_word' id='word_1_35' title='bbox 751 573 898 620; x_wconf 89' lang='lat' dir='ltr'><strong>quarto</strong></span> <span class='ocrx_word' id='word_1_36' title='bbox 917 564 1081 606; x_wconf 87' lang='lat' dir='ltr'><strong>decimo</strong></span> <span class='ocrx_word' id='word_1_37' title='bbox 1100 565 1314 606; x_wconf 80' lang='lat' dir='ltr'><strong>Kalendas</strong></span> <span class='ocrx_word' id='word_1_38' title='bbox 1336 565 1458 613; x_wconf 78' lang='lat' dir='ltr'><strong>Maii,</strong></span> 
     </span>
     <span class='ocr_line' id='line_1_6' title="bbox 111 635 1455 692; baseline -0.001 -15"><span class='ocrx_word' id='word_1_39' title='bbox 111 637 299 692; x_wconf 77' lang='lat' dir='ltr'><strong>sequenti</strong></span> <span class='ocrx_word' id='word_1_40' title='bbox 318 635 537 677; x_wconf 88' lang='lat' dir='ltr'><strong>Dominica</strong></span> <span class='ocrx_word' id='word_1_41' title='bbox 557 635 870 676; x_wconf 76' lang='lat' dir='ltr'><strong>instaurandam</strong></span> <span class='ocrx_word' id='word_1_42' title='bbox 893 635 1182 676; x_wconf 78' lang='lat' dir='ltr'><strong>celebritatem</strong></span> <span class='ocrx_word' id='word_1_43' title='bbox 1206 636 1455 683; x_wconf 79' lang='lat' dir='ltr'><strong>suadcn1ns;</strong></span> 
     </span>
     <span class='ocr_line' id='line_1_7' title="bbox 112 705 744 760; baseline -0.002 -13"><span class='ocrx_word' id='word_1_44' title='bbox 112 706 335 747; x_wconf 79' lang='lat' dir='ltr'><strong>auctoritas</strong></span> <span class='ocrx_word' id='word_1_45' title='bbox 358 714 470 747; x_wconf 82' lang='lat' dir='ltr'><strong>extat</strong></span> <span class='ocrx_word' id='word_1_46' title='bbox 487 705 744 760; x_wconf 84' lang='lat' dir='ltr'><strong>hujusmodi.</strong></span> 
     </span>
    </p>

    <p class='ocr_par' dir='ltr' id='par_1_3' title="bbox 102 775 1462 1957">
     <span class='ocr_line' id='line_1_8' title="bbox 167 775 1458 833; baseline -0.002 -13"><span class='ocrx_word' id='word_1_47' title='bbox 167 777 278 820; x_wconf 71' lang='lat' dir='ltr'><strong>XIV.</strong></span> <span class='ocrx_word' id='word_1_48' title='bbox 316 778 417 819; x_wconf 77' lang='lat' dir='ltr'><strong>Nam</strong></span> <span class='ocrx_word' id='word_1_49' title='bbox 441 777 701 833; x_wconf 82' lang='lat' dir='ltr'><strong>temporibus</strong></span> <span class='ocrx_word' id='word_1_50' title='bbox 733 777 858 833; x_wconf 83' lang='lat' dir='ltr'><strong>paulo</strong></span> <span class='ocrx_word' id='word_1_51' title='bbox 888 775 1202 832; x_wconf 62' lang='lat' dir='ltr'><strong>superioribus,</strong></span> <span class='ocrx_word' id='word_1_52' title='bbox 1228 792 1326 818; x_wconf 84' lang='lat' dir='ltr'><strong>cum</strong></span> <span class='ocrx_word' id='word_1_53' title='bbox 1352 778 1458 818; x_wconf 87' lang='lat' dir='ltr'><strong>inci-</strong></span> 
     </span>
     <span class='ocr_line' id='line_1_9' title="bbox 109 845 1459 903; baseline 0 -15"><span class='ocrx_word' id='word_1_54' title='bbox 109 847 235 888; x_wconf 87' lang='lat' dir='ltr'><strong>disset</strong></span> <span class='ocrx_word' id='word_1_55' title='bbox 256 855 400 903; x_wconf 88' lang='lat' dir='ltr'><strong>quarta</strong></span> <span class='ocrx_word' id='word_1_56' title='bbox 425 847 587 887; x_wconf 86' lang='lat' dir='ltr'><strong>decima</strong></span> <span class='ocrx_word' id='word_1_57' title='bbox 623 848 720 888; x_wconf 87' lang='lat' dir='ltr'><strong>luna</strong></span> <span class='ocrx_word' id='word_1_58' title='bbox 761 845 914 887; x_wconf 84' lang='lat' dir='ltr'><strong>mensis</strong></span> <span class='ocrx_word' id='word_1_59' title='bbox 955 845 1081 902; x_wconf 89' lang='lat' dir='ltr'><strong>primi</strong></span> <span class='ocrx_word' id='word_1_60' title='bbox 1121 846 1161 886; x_wconf 90' lang='lat' dir='ltr'><strong>in</strong></span> <span class='ocrx_word' id='word_1_61' title='bbox 1194 847 1459 888; x_wconf 84' lang='lat' dir='ltr'><strong>Dominicam</strong></span> 
     </span>
     <span class='ocr_line' id='line_1_10' title="bbox 109 915 1457 971; baseline 0.003 -15"><span class='ocrx_word' id='word_1_62' title='bbox 109 916 247 964; x_wconf 91' lang='lat' dir='ltr'><strong>diem,</strong></span> <span class='ocrx_word' id='word_1_63' title='bbox 275 916 463 971; x_wconf 83' lang='lat' dir='ltr'><strong>sequenti</strong></span> <span class='ocrx_word' id='word_1_64' title='bbox 486 918 613 957; x_wconf 86' lang='lat' dir='ltr'><strong>altera</strong></span> <span class='ocrx_word' id='word_1_65' title='bbox 635 915 855 957; x_wconf 90' lang='lat' dir='ltr'><strong>Dominica</strong></span> <span class='ocrx_word' id='word_1_66' title='bbox 881 916 1095 957; x_wconf 86' lang='lat' dir='ltr'><strong>celebrata</strong></span> <span class='ocrx_word' id='word_1_67' title='bbox 1118 916 1358 958; x_wconf 80' lang='lat' dir='ltr'><strong>solemnitas</strong></span> <span class='ocrx_word' id='word_1_68' title='bbox 1382 926 1457 960; x_wconf 67' lang='lat' dir='ltr'><strong>est.</strong></span> 
     </span>
     <span class='ocr_line' id='line_1_11' title="bbox 109 986 1457 1044; baseline 0.001 -17"><span class='ocrx_word' id='word_1_69' title='bbox 109 986 377 1043; x_wconf 80' lang='lat' dir='ltr'><strong>Octogesimo</strong></span> <span class='ocrx_word' id='word_1_70' title='bbox 425 995 561 1027; x_wconf 83' lang='lat' dir='ltr'><strong>autem</strong></span> <span class='ocrx_word' id='word_1_71' title='bbox 601 994 640 1028; x_wconf 88' lang='lat' dir='ltr'><strong>et</strong></span> <span class='ocrx_word' id='word_1_72' title='bbox 673 1002 782 1027; x_wconf 87' lang='lat' dir='ltr'><strong>nono</strong></span> <span class='ocrx_word' id='word_1_73' title='bbox 825 1002 932 1027; x_wconf 84' lang='lat' dir='ltr'><strong>anno</strong></span> <span class='ocrx_word' id='word_1_74' title='bbox 973 1002 1022 1028; x_wconf 86' lang='lat' dir='ltr'><strong>ex</strong></span> <span class='ocrx_word' id='word_1_75' title='bbox 1053 987 1120 1028; x_wconf 88' lang='lat' dir='ltr'><strong>die</strong></span> <span class='ocrx_word' id='word_1_76' title='bbox 1162 987 1324 1044; x_wconf 84' lang='lat' dir='ltr'><strong>imperii</strong></span> <span class='ocrx_word' id='word_1_77' title='bbox 1356 989 1457 1029; x_wconf 73' lang='lat' dir='ltr'><strong>Dio-</strong></span> 
     </span>
     <span class='ocr_line' id='line_1_12' title="bbox 108 1057 1459 1113; baseline 0.002 -16"><span class='ocrx_word' id='word_1_78' title='bbox 108 1057 297 1105; x_wconf 84' lang='lat' dir='ltr'><strong>cletiani,</strong></span> <span class='ocrx_word' id='word_1_79' title='bbox 326 1072 422 1098; x_wconf 88' lang='lat' dir='ltr'><strong>cnm</strong></span> <span class='ocrx_word' id='word_1_80' title='bbox 461 1065 607 1113; x_wconf 86' lang='lat' dir='ltr'><strong>quarta</strong></span> <span class='ocrx_word' id='word_1_81' title='bbox 648 1057 809 1098; x_wconf 85' lang='lat' dir='ltr'><strong>decima</strong></span> <span class='ocrx_word' id='word_1_82' title='bbox 843 1058 940 1098; x_wconf 83' lang='lat' dir='ltr'><strong>luna</strong></span> <span class='ocrx_word' id='word_1_83' title='bbox 979 1066 1085 1098; x_wconf 83' lang='lat' dir='ltr'><strong>esset</strong></span> <span class='ocrx_word' id='word_1_84' title='bbox 1109 1073 1220 1098; x_wconf 79' lang='lat' dir='ltr'><strong>nono</strong></span> <span class='ocrx_word' id='word_1_85' title='bbox 1249 1059 1459 1100; x_wconf 77' lang='lat' dir='ltr'><strong>Kalendas</strong></span> 
     </span>
     <span class='ocr_line' id='line_1_13' title="bbox 106 1127 1446 1185; baseline 0.001 -17"><span class='ocrx_word' id='word_1_86' title='bbox 106 1127 274 1184; x_wconf 77' lang='lat' dir='ltr'><strong>Aprilis,</strong></span> <span class='ocrx_word' id='word_1_87' title='bbox 291 1143 363 1168; x_wconf 87' lang='lat' dir='ltr'><strong>nos</strong></span> <span class='ocrx_word' id='word_1_88' title='bbox 384 1128 688 1168; x_wconf 73' lang='lat' dir='ltr'><strong>celebravimus</strong></span> <span class='ocrx_word' id='word_1_89' title='bbox 710 1127 864 1168; x_wconf 75' lang='lat' dir='ltr'><strong>Pascha</strong></span> <span class='ocrx_word' id='word_1_90' title='bbox 887 1128 1020 1184; x_wconf 84' lang='lat' dir='ltr'><strong>pridie</strong></span> <span class='ocrx_word' id='word_1_91' title='bbox 1047 1128 1257 1169; x_wconf 79' lang='lat' dir='ltr'><strong>Kalendas</strong></span> <span class='ocrx_word' id='word_1_92' title='bbox 1279 1129 1446 1185; x_wconf 70' lang='lat' dir='ltr'><strong>Aprilis.</strong></span> 
     </span>
     <span class='ocr_line' id='line_1_14' title="bbox 106 1196 1450 1253; baseline 0 -16"><span class='ocrx_word' id='word_1_93' title='bbox 106 1196 376 1237; x_wconf 83' lang='lat' dir='ltr'><strong>Alexandrini</strong></span> <span class='ocrx_word' id='word_1_94' title='bbox 395 1212 560 1253; x_wconf 81' lang='lat' dir='ltr'><strong>qnoque</strong></span> <span class='ocrx_word' id='word_1_95' title='bbox 581 1206 619 1237; x_wconf 85' lang='lat' dir='ltr'><strong>et</strong></span> <span class='ocrx_word' id='word_1_96' title='bbox 638 1197 851 1253; x_wconf 59' lang='lat' dir='ltr'><strong>.1&#39;I⁴]g}‘}&gt;²=fii‚</strong></span> <span class='ocrx_word' id='word_1_97' title='bbox 877 1206 920 1237; x_wconf 89' lang='lat' dir='ltr'><strong>ut</strong></span> <span class='ocrx_word' id='word_1_98' title='bbox 947 1197 1021 1253; x_wconf 86' lang='lat' dir='ltr'><strong>ipsi</strong></span> <span class='ocrx_word' id='word_1_99' title='bbox 1045 1198 1303 1253; x_wconf 86' lang='lat' dir='ltr'><strong>scripserunt</strong></span> <span class='ocrx_word' id='word_1_100' title='bbox 1318 1231 1326 1245; x_wconf 92' lang='lat'><em>‚</em></span> <span class='ocrx_word' id='word_1_101' title='bbox 1354 1214 1450 1239; x_wconf 72' lang='lat' dir='ltr'><strong>cuin</strong></span> 
     </span>
     <span class='ocr_line' id='line_1_15' title="bbox 106 1266 1461 1322; baseline 0.001 -17"><span class='ocrx_word' id='word_1_102' title='bbox 106 1266 320 1308; x_wconf 76' lang='lat' dir='ltr'><strong>incidisset</strong></span> <span class='ocrx_word' id='word_1_103' title='bbox 339 1276 489 1322; x_wconf 82' lang='lat' dir='ltr'><strong>quarta</strong></span> <span class='ocrx_word' id='word_1_104' title='bbox 507 1267 668 1307; x_wconf 85' lang='lat' dir='ltr'><strong>decima</strong></span> <span class='ocrx_word' id='word_1_105' title='bbox 691 1269 786 1307; x_wconf 87' lang='lat' dir='ltr'><strong>luna</strong></span> <span class='ocrx_word' id='word_1_106' title='bbox 810 1267 1010 1322; x_wconf 72' lang='lat' dir='ltr'><strong>vigesimo</strong></span> <span class='ocrx_word' id='word_1_107' title='bbox 1033 1275 1076 1307; x_wconf 88' lang='lat' dir='ltr'><strong>et</strong></span> <span class='ocrx_word' id='word_1_108' title='bbox 1100 1276 1246 1308; x_wconf 75' lang='lat' dir='ltr'><strong>octavo</strong></span> <span class='ocrx_word' id='word_1_109' title='bbox 1267 1268 1331 1307; x_wconf 82' lang='lat' dir='ltr'><strong>(lie</strong></span> <span class='ocrx_word' id='word_1_110' title='bbox 1354 1268 1461 1309; x_wconf 75' lang='lat' dir='ltr'><strong>Plia-</strong></span> 
     </span>
     <span class='ocr_line' id='line_1_16' title="bbox 105 1336 1462 1391; baseline 0 -15"><span class='ocrx_word' id='word_1_111' title='bbox 105 1336 278 1377; x_wconf 80' lang='lat' dir='ltr'><strong>menotli</strong></span> <span class='ocrx_word' id='word_1_112' title='bbox 298 1337 466 1383; x_wconf 86' lang='lat' dir='ltr'><strong>mensis,</strong></span> <span class='ocrx_word' id='word_1_113' title='bbox 485 1337 868 1377; x_wconf 81' lang='lat' dir='ltr'><strong>celebraveruntPa</strong></span> <span class='ocrx_word' id='word_1_114' title='bbox 881 1336 981 1377; x_wconf 86' lang='lat' dir='ltr'><strong>seha</strong></span> <span class='ocrx_word' id='word_1_115' title='bbox 1005 1337 1155 1391; x_wconf 86' lang='lat' dir='ltr'><strong>quinta</strong></span> <span class='ocrx_word' id='word_1_116' title='bbox 1179 1337 1245 1377; x_wconf 87' lang='lat' dir='ltr'><strong>die</strong></span> <span class='ocrx_word' id='word_1_117' title='bbox 1260 1336 1462 1379; x_wconf 57' lang='lat' dir='ltr'><strong>Pliarinu»</strong></span> 
     </span>
     <span class='ocr_line' id='line_1_17' title="bbox 107 1407 1460 1464; baseline 0 -17"><span class='ocrx_word' id='word_1_118' title='bbox 107 1407 165 1448; x_wconf 85' lang='lat' dir='ltr'><strong>thi</strong></span> <span class='ocrx_word' id='word_1_119' title='bbox 190 1408 357 1454; x_wconf 72' lang='lat' dir='ltr'><strong>mensis,</strong></span> <span class='ocrx_word' id='word_1_120' title='bbox 384 1424 475 1463; x_wconf 67' lang='lat' dir='ltr'><strong>quae</strong></span> <span class='ocrx_word' id='word_1_121' title='bbox 497 1416 559 1449; x_wconf 82' lang='lat' dir='ltr'><strong>est</strong></span> <span class='ocrx_word' id='word_1_122' title='bbox 579 1408 711 1464; x_wconf 82' lang='lat' dir='ltr'><strong>pridie</strong></span> <span class='ocrx_word' id='word_1_123' title='bbox 728 1408 937 1449; x_wconf 79' lang='lat' dir='ltr'><strong>Kalendas</strong></span> <span class='ocrx_word' id='word_1_124' title='bbox 962 1407 1116 1463; x_wconf 83' lang='lat' dir='ltr'><strong>Aprilis</strong></span> <span class='ocrx_word' id='word_1_125' title='bbox 1139 1439 1147 1454; x_wconf 84' lang='lat'><em>‚</em></span> <span class='ocrx_word' id='word_1_126' title='bbox 1173 1422 1219 1447; x_wconf 88' lang='lat' dir='ltr'><strong>ac</strong></span> <span class='ocrx_word' id='word_1_127' title='bbox 1234 1407 1292 1448; x_wconf 77' lang='lat' dir='ltr'><strong>sic</strong></span> <span class='ocrx_word' id='word_1_128' title='bbox 1315 1422 1460 1448; x_wconf 68' lang='lat' dir='ltr'><strong>conve⁵</strong></span> 
     </span>
     <span class='ocr_line' id='line_1_18' title="bbox 104 1476 1459 1533; baseline 0 -17"><span class='ocrx_word' id='word_1_129' title='bbox 104 1492 205 1517; x_wconf 88' lang='lat' dir='ltr'><strong>nere</strong></span> <span class='ocrx_word' id='word_1_130' title='bbox 232 1477 467 1518; x_wconf 85' lang='lat' dir='ltr'><strong>nobiscnm.</strong></span> <span class='ocrx_word' id='word_1_131' title='bbox 494 1477 652 1518; x_wconf 81' lang='lat' dir='ltr'><strong>Rursus</strong></span> <span class='ocrx_word' id='word_1_132' title='bbox 676 1478 962 1533; x_wconf 78' lang='lat' dir='ltr'><strong>monagesimo</strong></span> <span class='ocrx_word' id='word_1_133' title='bbox 986 1485 1027 1517; x_wconf 88' lang='lat' dir='ltr'><strong>et</strong></span> <span class='ocrx_word' id='word_1_134' title='bbox 1063 1476 1186 1518; x_wconf 86' lang='lat' dir='ltr'><strong>tertio</strong></span> <span class='ocrx_word' id='word_1_135' title='bbox 1211 1491 1322 1517; x_wconf 83' lang='lat' dir='ltr'><strong>anno</strong></span> <span class='ocrx_word' id='word_1_136' title='bbox 1348 1492 1366 1517; x_wconf 92' lang='lat' dir='ltr'><strong>a</strong></span> <span class='ocrx_word' id='word_1_137' title='bbox 1394 1477 1459 1518; x_wconf 79' lang='lat' dir='ltr'><strong>die</strong></span> 
     </span>
     <span class='ocr_line' id='line_1_19' title="bbox 104 1546 1457 1603; baseline -0.001 -16"><span class='ocrx_word' id='word_1_138' title='bbox 104 1546 267 1603; x_wconf 74' lang='lat' dir='ltr'><strong>imperii</strong></span> <span class='ocrx_word' id='word_1_139' title='bbox 293 1546 569 1594; x_wconf 83' lang='lat' dir='ltr'><strong>Diocletiani,</strong></span> <span class='ocrx_word' id='word_1_140' title='bbox 595 1562 691 1588; x_wconf 89' lang='lat' dir='ltr'><strong>cum</strong></span> <span class='ocrx_word' id='word_1_141' title='bbox 716 1547 929 1588; x_wconf 84' lang='lat' dir='ltr'><strong>incidisset</strong></span> <span class='ocrx_word' id='word_1_142' title='bbox 950 1555 1096 1602; x_wconf 83' lang='lat' dir='ltr'><strong>quarta</strong></span> <span class='ocrx_word' id='word_1_143' title='bbox 1118 1547 1280 1587; x_wconf 85' lang='lat' dir='ltr'><strong>decima</strong></span> <span class='ocrx_word' id='word_1_144' title='bbox 1299 1548 1398 1587; x_wconf 82' lang='lat' dir='ltr'><strong>luna</strong></span> <span class='ocrx_word' id='word_1_145' title='bbox 1418 1547 1457 1587; x_wconf 88' lang='lat' dir='ltr'><strong>in</strong></span> 
     </span>
     <span class='ocr_line' id='line_1_20' title="bbox 104 1616 1458 1672; baseline 0.001 -18"><span class='ocrx_word' id='word_1_146' title='bbox 104 1624 299 1671; x_wconf 84' lang='lat' dir='ltr'><strong>quartum</strong></span> <span class='ocrx_word' id='word_1_147' title='bbox 317 1617 527 1657; x_wconf 83' lang='lat' dir='ltr'><strong>decimum</strong></span> <span class='ocrx_word' id='word_1_148' title='bbox 547 1616 912 1658; x_wconf 73' lang='lat' dir='ltr'><strong>diemPharmutlii</strong></span> <span class='ocrx_word' id='word_1_149' title='bbox 936 1617 1212 1672; x_wconf 84' lang='lat' dir='ltr'><strong>mensis‚quae</strong></span> <span class='ocrx_word' id='word_1_150' title='bbox 1230 1624 1293 1658; x_wconf 86' lang='lat' dir='ltr'><strong>est</strong></span> <span class='ocrx_word' id='word_1_151' title='bbox 1310 1617 1458 1672; x_wconf 61' lang='lat' dir='ltr'><strong>quinto</strong></span> 
     </span>
     <span class='ocr_line' id='line_1_21' title="bbox 103 1687 1458 1744; baseline 0.001 -16"><span class='ocrx_word' id='word_1_152' title='bbox 103 1687 201 1729; x_wconf 87' lang='lat' dir='ltr'><strong>Idus</strong></span> <span class='ocrx_word' id='word_1_153' title='bbox 224 1688 375 1743; x_wconf 84' lang='lat' dir='ltr'><strong>Aprilis</strong></span> <span class='ocrx_word' id='word_1_154' title='bbox 392 1721 400 1734; x_wconf 88' lang='lat'><em>‚</em></span> <span class='ocrx_word' id='word_1_155' title='bbox 420 1704 510 1744; x_wconf 83' lang='lat' dir='ltr'><strong>quae</strong></span> <span class='ocrx_word' id='word_1_156' title='bbox 530 1701 619 1729; x_wconf 80' lang='lat' dir='ltr'><strong>erat</strong></span> <span class='ocrx_word' id='word_1_157' title='bbox 635 1689 854 1730; x_wconf 86' lang='lat' dir='ltr'><strong>Dominica</strong></span> <span class='ocrx_word' id='word_1_158' title='bbox 880 1689 961 1736; x_wconf 84' lang='lat' dir='ltr'><strong>die,</strong></span> <span class='ocrx_word' id='word_1_159' title='bbox 988 1689 1252 1729; x_wconf 86' lang='lat' dir='ltr'><strong>celebratum</strong></span> <span class='ocrx_word' id='word_1_160' title='bbox 1276 1696 1338 1729; x_wconf 88' lang='lat' dir='ltr'><strong>est</strong></span> <span class='ocrx_word' id='word_1_161' title='bbox 1355 1689 1458 1729; x_wconf 83' lang='lat' dir='ltr'><strong>Pas-</strong></span> 
     </span>
     <span class='ocr_line' id='line_1_22' title="bbox 104 1758 1456 1816; baseline 0.001 -18"><span class='ocrx_word' id='word_1_162' title='bbox 104 1758 182 1799; x_wconf 85' lang='lat' dir='ltr'><strong>cha</strong></span> <span class='ocrx_word' id='word_1_163' title='bbox 210 1758 428 1799; x_wconf 88' lang='lat' dir='ltr'><strong>Dominica</strong></span> <span class='ocrx_word' id='word_1_164' title='bbox 450 1758 699 1800; x_wconf 82' lang='lat' dir='ltr'><strong>Pharmnthi</strong></span> <span class='ocrx_word' id='word_1_165' title='bbox 722 1760 918 1816; x_wconf 70' lang='lat' dir='ltr'><strong>vigesimo</strong></span> <span class='ocrx_word' id='word_1_166' title='bbox 941 1767 982 1800; x_wconf 89' lang='lat' dir='ltr'><strong>et</strong></span> <span class='ocrx_word' id='word_1_167' title='bbox 1000 1759 1137 1814; x_wconf 88' lang='lat' dir='ltr'><strong>primo</strong></span> <span class='ocrx_word' id='word_1_168' title='bbox 1161 1759 1250 1805; x_wconf 90' lang='lat' dir='ltr'><strong>die,</strong></span> <span class='ocrx_word' id='word_1_169' title='bbox 1277 1759 1348 1814; x_wconf 84' lang='lat' dir='ltr'><strong>qui</strong></span> <span class='ocrx_word' id='word_1_170' title='bbox 1379 1758 1456 1799; x_wconf 82' lang='lat' dir='ltr'><strong>fnit</strong></span> 
     </span>
     <span class='ocr_line' id='line_1_23' title="bbox 103 1828 1457 1871; baseline -0.001 -2"><span class='ocrx_word' id='word_1_171' title='bbox 103 1831 335 1870; x_wconf 84' lang='lat' dir='ltr'><strong>secuudum</strong></span> <span class='ocrx_word' id='word_1_172' title='bbox 364 1844 436 1869; x_wconf 85' lang='lat' dir='ltr'><strong>nos</strong></span> <span class='ocrx_word' id='word_1_173' title='bbox 460 1837 576 1870; x_wconf 84' lang='lat' dir='ltr'><strong>sexto</strong></span> <span class='ocrx_word' id='word_1_174' title='bbox 597 1830 760 1870; x_wconf 88' lang='lat' dir='ltr'><strong>decimo</strong></span> <span class='ocrx_word' id='word_1_175' title='bbox 783 1830 992 1871; x_wconf 80' lang='lat' dir='ltr'><strong>Kalendas</strong></span> <span class='ocrx_word' id='word_1_176' title='bbox 1016 1828 1123 1870; x_wconf 80' lang='lat' dir='ltr'><strong>Maii.</strong></span> <span class='ocrx_word' id='word_1_177' title='bbox 1155 1829 1275 1870; x_wconf 71' lang='lat' dir='ltr'><strong>Unde</strong></span> <span class='ocrx_word' id='word_1_178' title='bbox 1297 1843 1394 1869; x_wconf 86' lang='lat' dir='ltr'><strong>cum</strong></span> <span class='ocrx_word' id='word_1_179' title='bbox 1415 1837 1457 1869; x_wconf 77' lang='lat' dir='ltr'><strong>et</strong></span> 
     </span>
     <span class='ocr_line' id='line_1_24' title="bbox 102 1899 1449 1957; baseline 0.001 -18"><span class='ocrx_word' id='word_1_180' title='bbox 102 1899 208 1940; x_wconf 84' lang='lat' dir='ltr'><strong>ratio</strong></span> <span class='ocrx_word' id='word_1_181' title='bbox 229 1899 281 1939; x_wconf 87' lang='lat' dir='ltr'><strong>sit</strong></span> <span class='ocrx_word' id='word_1_182' title='bbox 301 1908 342 1940; x_wconf 86' lang='lat' dir='ltr'><strong>et</strong></span> <span class='ocrx_word' id='word_1_183' title='bbox 359 1901 597 1956; x_wconf 85' lang='lat' dir='ltr'><strong>exemplum</strong></span> <span class='ocrx_word' id='word_1_184' title='bbox 612 1932 621 1947; x_wconf 94' lang='lat'><strong>,</strong></span> <span class='ocrx_word' id='word_1_185' title='bbox 646 1900 750 1941; x_wconf 86' lang='lat' dir='ltr'><strong>nihil</strong></span> <span class='ocrx_word' id='word_1_186' title='bbox 772 1915 896 1957; x_wconf 87' lang='lat' dir='ltr'><strong>super</strong></span> <span class='ocrx_word' id='word_1_187' title='bbox 915 1899 996 1941; x_wconf 83' lang='lat' dir='ltr'><strong>hoc</strong></span> <span class='ocrx_word' id='word_1_188' title='bbox 1018 1914 1187 1941; x_wconf 88' lang='lat' dir='ltr'><strong>movere</strong></span> <span class='ocrx_word' id='word_1_189' title='bbox 1212 1915 1287 1941; x_wconf 92' lang='lat' dir='ltr'><strong>nos</strong></span> <span class='ocrx_word' id='word_1_190' title='bbox 1309 1901 1449 1941; x_wconf 80' lang='lat' dir='ltr'><strong>debet.</strong></span> 
     </span>
    </p>

    <p class='ocr_par' dir='ltr' id='par_1_4' title="bbox 98 1970 1455 2662">
     <span class='ocr_line' id='line_1_25' title="bbox 157 1970 1452 2027; baseline 0 -15"><span class='ocrx_word' id='word_1_191' title='bbox 157 1970 248 2012; x_wconf 89' lang='lat' dir='ltr'><strong>XV.</strong></span> <span class='ocrx_word' id='word_1_192' title='bbox 291 1970 411 2012; x_wconf 87' lang='lat' dir='ltr'><strong>Nunc</strong></span> <span class='ocrx_word' id='word_1_193' title='bbox 439 1971 544 2013; x_wconf 85' lang='lat' dir='ltr'><strong>illud</strong></span> <span class='ocrx_word' id='word_1_194' title='bbox 579 1979 666 2018; x_wconf 80' lang='lat' dir='ltr'><strong>est.</strong></span> <span class='ocrx_word' id='word_1_195' title='bbox 702 1972 816 2027; x_wconf 91' lang='lat' dir='ltr'><strong>quod</strong></span> <span class='ocrx_word' id='word_1_196' title='bbox 847 1971 1120 2013; x_wconf 86' lang='lat' dir='ltr'><strong>enodandum</strong></span> <span class='ocrx_word' id='word_1_197' title='bbox 1142 1970 1331 2019; x_wconf 88' lang='lat' dir='ltr'><strong>videtur,</strong></span> <span class='ocrx_word' id='word_1_198' title='bbox 1357 1971 1452 2027; x_wconf 88' lang='lat' dir='ltr'><strong>quia</strong></span> 
     </span>
     <span class='ocr_line' id='line_1_26' title="bbox 100 2040 1454 2097; baseline 0.001 -15"><span class='ocrx_word' id='word_1_199' title='bbox 100 2040 289 2097; x_wconf 84' lang='lat' dir='ltr'><strong>plerique</strong></span> <span class='ocrx_word' id='word_1_200' title='bbox 316 2049 464 2097; x_wconf 84' lang='lat' dir='ltr'><strong>putant</strong></span> <span class='ocrx_word' id='word_1_201' title='bbox 484 2043 670 2083; x_wconf 85' lang='lat' dir='ltr'><strong>secundo</strong></span> <span class='ocrx_word' id='word_1_202' title='bbox 693 2057 837 2084; x_wconf 83' lang='lat' dir='ltr'><strong>mense</strong></span> <span class='ocrx_word' id='word_1_203' title='bbox 860 2057 934 2084; x_wconf 90' lang='lat' dir='ltr'><strong>nos</strong></span> <span class='ocrx_word' id='word_1_204' title='bbox 956 2042 1247 2084; x_wconf 80' lang='lat' dir='ltr'><strong>celebraturos</strong></span> <span class='ocrx_word' id='word_1_205' title='bbox 1269 2042 1428 2084; x_wconf 85' lang='lat' dir='ltr'><strong>Pascha</strong></span> <span class='ocrx_word' id='word_1_206' title='bbox 1443 2075 1454 2090; x_wconf 88' lang='lat'><strong>,</strong></span> 
     </span>
     <span class='ocr_line' id='line_1_27' title="bbox 101 2112 1449 2169; baseline 0.001 -17"><span class='ocrx_word' id='word_1_207' title='bbox 101 2126 199 2153; x_wconf 89' lang='lat' dir='ltr'><strong>cum</strong></span> <span class='ocrx_word' id='word_1_208' title='bbox 221 2112 424 2168; x_wconf 85' lang='lat' dir='ltr'><strong>scriptum</strong></span> <span class='ocrx_word' id='word_1_209' title='bbox 442 2112 494 2153; x_wconf 89' lang='lat' dir='ltr'><strong>sit</strong></span> <span class='ocrx_word' id='word_1_210' title='bbox 515 2127 523 2152; x_wconf 90' lang='lat'>:</span> <span class='ocrx_word' id='word_1_211' title='bbox 543 2130 557 2148; x_wconf 80' lang='grc' dir='ltr'>α</span> <span class='ocrx_word' id='word_1_212' title='bbox 579 2113 752 2154; x_wconf 83' lang='lat' dir='ltr'><strong>Custodi</strong></span> <span class='ocrx_word' id='word_1_213' title='bbox 775 2113 960 2169; x_wconf 87' lang='lat' dir='ltr'><strong>primum</strong></span> <span class='ocrx_word' id='word_1_214' title='bbox 985 2127 1173 2154; x_wconf 86' lang='lat' dir='ltr'><strong>mensem</strong></span> <span class='ocrx_word' id='word_1_215' title='bbox 1191 2112 1417 2154; x_wconf 82' lang='lat' dir='ltr'><strong>novorum¹</strong></span> <span class='ocrx_word' id='word_1_216' title='bbox 1439 2129 1449 2160; x_wconf 91' lang='grc'><strong>;</strong></span> 
     </span>
     <span class='ocr_line' id='line_1_28' title="bbox 101 2183 1453 2241; baseline 0.001 -18"><span class='ocrx_word' id='word_1_217' title='bbox 101 2183 214 2238; x_wconf 81' lang='lat' dir='ltr'><strong>quod</strong></span> <span class='ocrx_word' id='word_1_218' title='bbox 236 2197 319 2223; x_wconf 88' lang='lat' dir='ltr'><strong>non</strong></span> <span class='ocrx_word' id='word_1_219' title='bbox 351 2191 487 2239; x_wconf 84' lang='lat' dir='ltr'><strong>potest</strong></span> <span class='ocrx_word' id='word_1_220' title='bbox 518 2183 728 2232; x_wconf 86' lang='lat' dir='ltr'><strong>incidere,</strong></span> <span class='ocrx_word' id='word_1_221' title='bbox 753 2192 798 2225; x_wconf 87' lang='lat' dir='ltr'><strong>ut</strong></span> <span class='ocrx_word' id='word_1_222' title='bbox 836 2193 987 2241; x_wconf 82' lang='lat' dir='ltr'><strong>praeter</strong></span> <span class='ocrx_word' id='word_1_223' title='bbox 1018 2198 1207 2224; x_wconf 88' lang='lat' dir='ltr'><strong>mensem</strong></span> <span class='ocrx_word' id='word_1_224' title='bbox 1244 2198 1453 2225; x_wconf 82' lang='lat' dir='ltr'><strong>novorum</strong></span> 
     </span>
     <span class='ocr_line' id='line_1_29' title="bbox 99 2252 1455 2311; baseline 0 -17"><span class='ocrx_word' id='word_1_225' title='bbox 99 2252 257 2295; x_wconf 85' lang='lat' dir='ltr'><strong>Pascha</strong></span> <span class='ocrx_word' id='word_1_226' title='bbox 290 2253 528 2301; x_wconf 87' lang='lat' dir='ltr'><strong>celebrent,</strong></span> <span class='ocrx_word' id='word_1_227' title='bbox 553 2254 630 2295; x_wconf 88' lang='lat' dir='ltr'><strong>nisi</strong></span> <span class='ocrx_word' id='word_1_228' title='bbox 667 2255 737 2310; x_wconf 87' lang='lat' dir='ltr'><strong>qui</strong></span> <span class='ocrx_word' id='word_1_229' title='bbox 771 2263 962 2311; x_wconf 83' lang='lat' dir='ltr'><strong>quartam</strong></span> <span class='ocrx_word' id='word_1_230' title='bbox 983 2254 1192 2296; x_wconf 85' lang='lat' dir='ltr'><strong>decimam</strong></span> <span class='ocrx_word' id='word_1_231' title='bbox 1229 2255 1372 2295; x_wconf 86' lang='lat' dir='ltr'><strong>lunam</strong></span> <span class='ocrx_word' id='word_1_232' title='bbox 1400 2253 1455 2295; x_wconf 84' lang='lat' dir='ltr'><strong>ita</strong></span> 
     </span>
     <span class='ocr_line' id='line_1_30' title="bbox 99 2324 1453 2381; baseline 0.001 -17"><span class='ocrx_word' id='word_1_233' title='bbox 99 2324 324 2364; x_wconf 85' lang='lat' dir='ltr'><strong>observant</strong></span> <span class='ocrx_word' id='word_1_234' title='bbox 346 2324 580 2364; x_wconf 86' lang='lat' dir='ltr'><strong>secundum</strong></span> <span class='ocrx_word' id='word_1_235' title='bbox 608 2324 792 2366; x_wconf 85' lang='lat' dir='ltr'><strong>litteram</strong></span> <span class='ocrx_word' id='word_1_236' title='bbox 811 2357 821 2372; x_wconf 92' lang='lat'><strong>,</strong></span> <span class='ocrx_word' id='word_1_237' title='bbox 845 2332 892 2366; x_wconf 87' lang='lat' dir='ltr'><strong>ut</strong></span> <span class='ocrx_word' id='word_1_238' title='bbox 913 2340 999 2366; x_wconf 88' lang='lat' dir='ltr'><strong>non</strong></span> <span class='ocrx_word' id='word_1_239' title='bbox 1028 2324 1108 2365; x_wconf 85' lang='lat' dir='ltr'><strong>alio</strong></span> <span class='ocrx_word' id='word_1_240' title='bbox 1132 2324 1210 2366; x_wconf 81' lang='lat' dir='ltr'><strong>nisi</strong></span> <span class='ocrx_word' id='word_1_241' title='bbox 1227 2324 1317 2381; x_wconf 89' lang='lat' dir='ltr'><strong>ipso</strong></span> <span class='ocrx_word' id='word_1_242' title='bbox 1340 2326 1453 2366; x_wconf 89' lang='lat' dir='ltr'><strong>cele-</strong></span> 
     </span>
     <span class='ocr_line' id='line_1_31' title="bbox 98 2392 1452 2451; baseline -0.001 -16"><span class='ocrx_word' id='word_1_243' title='bbox 98 2393 224 2435; x_wconf 88' lang='lat' dir='ltr'><strong>brent</strong></span> <span class='ocrx_word' id='word_1_244' title='bbox 243 2393 320 2435; x_wconf 90' lang='lat' dir='ltr'><strong>die.</strong></span> <span class='ocrx_word' id='word_1_245' title='bbox 340 2392 529 2449; x_wconf 85' lang='lat' dir='ltr'><strong>Denique</strong></span> <span class='ocrx_word' id='word_1_246' title='bbox 553 2393 742 2435; x_wconf 86' lang='lat' dir='ltr'><strong>futurum</strong></span> <span class='ocrx_word' id='word_1_247' title='bbox 763 2394 898 2436; x_wconf 78' lang='lat' dir='ltr'><strong>Judaei</strong></span> <span class='ocrx_word' id='word_1_248' title='bbox 918 2394 1171 2436; x_wconf 86' lang='lat' dir='ltr'><strong>duodecimo</strong></span> <span class='ocrx_word' id='word_1_249' title='bbox 1189 2427 1198 2441; x_wconf 93' lang='lat'><strong>,</strong></span> <span class='ocrx_word' id='word_1_250' title='bbox 1215 2409 1298 2434; x_wconf 91' lang='lat' dir='ltr'><strong>non</strong></span> <span class='ocrx_word' id='word_1_251' title='bbox 1316 2394 1452 2451; x_wconf 87' lang='lat' dir='ltr'><strong>primo</strong></span> 
     </span>
     <span class='ocr_line' id='line_1_32' title="bbox 100 2463 1452 2513; baseline 0.001 -9"><span class='ocrx_word' id='word_1_252' title='bbox 100 2477 245 2504; x_wconf 69' lang='lat' dir='ltr'><strong>mense</strong></span> <span class='ocrx_word' id='word_1_253' title='bbox 272 2463 524 2505; x_wconf 87' lang='lat' dir='ltr'><strong>celebraturi</strong></span> <span class='ocrx_word' id='word_1_254' title='bbox 557 2472 656 2506; x_wconf 87' lang='lat' dir='ltr'><strong>sunt</strong></span> <span class='ocrx_word' id='word_1_255' title='bbox 686 2464 872 2513; x_wconf 87' lang='lat' dir='ltr'><strong>Pascha,</strong></span> <span class='ocrx_word' id='word_1_256' title='bbox 908 2465 988 2506; x_wconf 91' lang='lat' dir='ltr'><strong>hoc</strong></span> <span class='ocrx_word' id='word_1_257' title='bbox 1025 2473 1109 2513; x_wconf 87' lang='lat' dir='ltr'><strong>est,</strong></span> <span class='ocrx_word' id='word_1_258' title='bbox 1135 2464 1299 2506; x_wconf 86' lang='lat' dir='ltr'><strong>decimo</strong></span> <span class='ocrx_word' id='word_1_259' title='bbox 1328 2465 1452 2506; x_wconf 82' lang='lat' dir='ltr'><strong>tertio</strong></span> 
     </span>
     <span class='ocr_line' id='line_1_33' title="bbox 101 2533 1451 2591; baseline -0.001 -16"><span class='ocrx_word' id='word_1_260' title='bbox 101 2533 314 2575; x_wconf 84' lang='lat' dir='ltr'><strong>Kalendas</strong></span> <span class='ocrx_word' id='word_1_261' title='bbox 348 2534 523 2591; x_wconf 89' lang='lat' dir='ltr'><strong>Aprilis,</strong></span> <span class='ocrx_word' id='word_1_262' title='bbox 557 2537 791 2576; x_wconf 84' lang='lat' dir='ltr'><strong>secundum</strong></span> <span class='ocrx_word' id='word_1_263' title='bbox 828 2550 933 2577; x_wconf 90' lang='lat' dir='ltr'><strong>nos:</strong></span> <span class='ocrx_word' id='word_1_264' title='bbox 959 2535 1193 2577; x_wconf 86' lang='lat' dir='ltr'><strong>secundum</strong></span> <span class='ocrx_word' id='word_1_265' title='bbox 1234 2534 1451 2591; x_wconf 75' lang='lat' dir='ltr'><strong>AEgyptios</strong></span> 
     </span>
     <span class='ocr_line' id='line_1_34' title="bbox 102 2604 1454 2662; baseline 0.001 -18"><span class='ocrx_word' id='word_1_266' title='bbox 102 2611 242 2645; x_wconf 84' lang='lat' dir='ltr'><strong>autem</strong></span> <span class='ocrx_word' id='word_1_267' title='bbox 277 2604 478 2661; x_wconf 79' lang='lat' dir='ltr'><strong>vigesimo</strong></span> <span class='ocrx_word' id='word_1_268' title='bbox 506 2614 658 2662; x_wconf 88' lang='lat' dir='ltr'><strong>quarto</strong></span> <span class='ocrx_word' id='word_1_269' title='bbox 695 2605 762 2649; x_wconf 86' lang='lat' dir='ltr'><strong>die</strong></span> <span class='ocrx_word' id='word_1_270' title='bbox 785 2605 1051 2649; x_wconf 73' lang='lat' dir='ltr'><strong>phamenoth</strong></span> <span class='ocrx_word' id='word_1_271' title='bbox 1077 2605 1257 2654; x_wconf 87' lang='lat' dir='ltr'><strong>mensis,</strong></span> <span class='ocrx_word' id='word_1_272' title='bbox 1282 2604 1353 2661; x_wconf 89' lang='lat' dir='ltr'><strong>qui</strong></span> <span class='ocrx_word' id='word_1_273' title='bbox 1390 2613 1454 2646; x_wconf 84' lang='lat' dir='ltr'><strong>est</strong></span> 
     </span>
    </p>
   </div>
   <div class='ocr_carea' id='block_1_3' title="bbox 148 2684 408 2723">
    <p class='ocr_par' dir='ltr' id='par_1_5' title="bbox 148 2684 408 2723">
     <span class='ocr_line' id='line_1_35' title="bbox 148 2684 408 2723; baseline 0.012 -8"><span class='ocrx_word' id='word_1_274' title='bbox 148 2693 158 2708; x_wconf 77' lang='lat'><em>¹</em></span> <span class='ocrx_word' id='word_1_275' title='bbox 179 2684 278 2717; x_wconf 83' lang='lat' dir='ltr'><strong>Dent.</strong></span> <span class='ocrx_word' id='word_1_276' title='bbox 298 2695 360 2723; x_wconf 60' lang='lat' dir='ltr'><strong>avi,</strong></span> <span class='ocrx_word' id='word_1_277' title='bbox 382 2696 408 2719; x_wconf 82' lang='grc' dir='ltr'><strong>ι.</strong></span> 
     </span>
    </p>
   </div>
  </div>
 </body>
</html>
