1774 3158
321 176 401 230 114
866 193 896 219 5.
940 192 1131 220 mutuosu

313 278 354 312 te
370 278 410 310 et
432 284 578 310 arcana
596 267 793 311 Ecclesiae
811 271 952 313 matris
974 271 1170 313 inducam
1185 305 1194 320 ‚
1221 279 1262 312 et
1285 270 1325 312 in
1345 270 1482 313 omnia
1502 275 1661 313 secreta

309 339 521 397 mysterii;
543 348 589 380 ut
612 340 727 380 bibas
750 343 949 397 poculum
973 342 1114 398 gratiae
1140 342 1350 398 spiritalis.

367 410 557 452 LXXVI.
595 411 863 467 Ainplexatus
884 413 1009 469 igitur
1024 412 1193 454 fratrem
1208 445 1218 461 ‚
1241 414 1451 455 deducere
1465 428 1561 454 eum
1581 428 1665 454 coe-

309 486 369 542 pit
390 485 442 525 ad
478 483 685 538 propriam
713 483 1002 523 mansionem:
1028 491 1068 523 ct
1091 483 1184 538 quia
1210 483 1276 538 pio
1307 481 1450 524 officio
1480 483 1533 524 ad
1557 483 1665 523 ulte-

313 557 421 597 riora
442 566 729 612 processerat,
756 570 851 595 cum
881 556 1008 594 fratre
1028 556 1152 610 coepit
1170 555 1396 596 ascendere
1414 587 1423 601 ,
1452 563 1661 612 petensut

315 629 393 671 sibi
415 637 456 669 ct
472 627 587 667 fratri
606 624 740 680 maior
764 625 846 665 illic
871 624 1049 665 charitas
1073 633 1273 679 augeatur
1290 655 1300 670 ,
1336 640 1386 666 co
1419 626 1532 680 quod
1566 625 1661 666 vitia

315 704 499 742 humana
525 695 764 737 defecerant
787 726 796 741 ,
827 695 976 736 invidia
1003 704 1125 750 atque
1147 695 1344 750 jactantia
1369 729 1378 743 ,
1401 710 1491 752 quae
1516 695 1556 737 in
1576 698 1666 752 ple-

316 770 455 824 risque
480 768 614 807 solent
632 766 823 805 fraterna·
844 765 1010 820 pictatis
1033 765 1124 820 jura
1149 780 1336 806 vacuare.

368 836 578 880 LXXVH.
615 834 810 875 videntes
846 850 916 875 eos
955 837 1017 875 iel
1047 836 1194 890 Augen
1210 867 1219 882 ,
1262 836 1324 875 vcl
1360 836 1446 876 aliae
1492 835 1637 876 anima*
1654 869 1663 883 ‚

313 916 506 967 quaertint
533 906 670 952 abiis,
698 921 789 961 quse
810 906 933 946 veluti
954 906 1154 946 comitatu
1178 920 1252 945 suo
1277 907 1423 945 liatics
1448 906 1522 945 hos
1543 917 1583 947 et
1605 906 1669 945 of-

316 981 411 1022 ficio
437 977 703 1020 deducebant
733 1009 741 1021 ‚
768 976 957 1016 diceutes
981 991 989 1015 :
1009 993 1022 1011 ιι
1042 976 1144 1025 Quae
1168 983 1230 1015 est
1249 976 1337 1015 haec
1362 990 1451 1030 qum
1484 976 1670 1016 ascendit

314 1070 328 1088 »
344 1047 542 1094 candida,
565 1046 742 1085 innitens
762 1059 888 1100 super
900 1047 1070 1084 tratrem
1086 1059 1206 1084 suum
1220 1044 1258 1084 Ῥ
1273 1064 1286 1081 n
1303 1045 1386 1086 Nec
1408 1060 1479 1085 nos
1498 1045 1667 1100 quidem

315 1119 555 1160 dubitemus
574 1116 625 1154 de
648 1113 806 1154 meritis
834 1114 1109 1154 talaminiam
1126 1146 1136 1161 ,
1161 1115 1233 1154 sed
1256 1116 1339 1170 jam
1363 1115 1585 1155 credamus
1605 1117 1670 1156 vel

312 1187 558 1232 testimoniis
576 1185 854 1240 Angelorum,
876 1186 989 1239 quod
1005 1186 1168 1225 detersa
1190 1185 1283 1225 labe
1302 1185 1483 1241 peccati,
1504 1187 1670 1227 ablutus

314 1259 522 1303 ascendit,
538 1271 662 1312 quein
683 1270 753 1295 sua
769 1254 873 1295 fides
896 1255 1019 1303 lavit,
1044 1265 1085 1295 et
1109 1254 1254 1310 petitio
1269 1256 1540 1296 consecravit.
1567 1256 1668 1297 Cre·

314 1333 458 1373 damus
478 1361 486 1375 ‚
512 1336 553 1367 et
576 1326 682 1366 sicut
712 1325 775 1365 alii
797 1325 980 1372 liabent,
1005 1326 1102 1380 quia
1128 1324 1365 1366 «Ascendit
1389 1341 1408 1366 a
1433 1326 1618 1373 deserto,
1645 1345 1659 1362 ι)

314 1403 394 1444 boc
417 1408 499 1441 cst.
529 1412 578 1438 ex
601 1396 678 1437 hoc
705 1396 821 1436 arido
849 1404 890 1435 ct
921 1396 1080 1436 inculto
1106 1396 1200 1436 loco
1222 1396 1274 1436 ad
1298 1395 1387 1436 illas
1424 1394 1670 1436 florulentas

316 1470 613 1514 delectationes
628 1501 638 1515 ,
661 1466 730 1507 ubi
749 1481 844 1506 cum
865 1467 991 1507 i'ratre
1008 1465 1265 1521 conjunctus
1278 1475 1443 1506 aeternae
1455 1465 1546 1506 vitae
1565 1466 1670 1506 frui-

318 1552 385 1584 tur
408 1541 636 1594 voluptate.

374 1607 606 1653 LXXVlll.
654 1604 771 1647 Beati
801 1605 949 1654 ambo,
986 1605 1018 1646 si
1049 1604 1151 1662 quid
1181 1620 1285 1645 meae
1318 1604 1528 1645 orationes
1566 1605 1672 1645 vale-

314 1679 466 1724 bunt²l
493 1678 603 1718 nulla
625 1675 712 1716 dies
732 1690 803 1715 vos
822 1675 987 1716 silentio
999 1674 1250 1731 praetcribit,
1274 1675 1385 1715 nulla
1402 1674 1670 1715 inhonoratos

315 1767 386 1793 vos
409 1764 501 1791 mea
524 1746 717 1789 transibit
738 1745 871 1787 oratio
887 1777 897 1793 ,
924 1747 1038 1786 nulla
1065 1761 1146 1786 nox
1170 1746 1256 1799 (47)
1285 1759 1367 1785 non
1398 1745 1574 1785 donatos
1596 1745 1673 1784 ali-

315 1837 394 1878 qua
428 1832 602 1876 precum
635 1831 825 1856 mearum
857 1817 1127 1857 contextione
1159 1823 1417 1856 transcurret
1444 1815 1673 1855 :omuibus

317 1906 388 1931 vos
419 1886 702 1930 oblationibus
732 1886 1024 1941 frequentabo.
1066 1885 1169 1936 Quis
1203 1885 1446 1941 prohibebit
1481 1885 1671 1925 innoxios

318 1957 568 2002 nominare?
611 1956 715 2006 Quis
760 1956 915 1996 vetabit
957 1954 1335 1997 commendationis
1370 1953 1671 2010 prosecutione

318 2026 665 2086 coruplectii'«bi
704 2027 858 2067 oblitus
898 2027 1012 2067 suero
1054 2035 1117 2073 te,
1153 2034 1293 2066 sancta
1334 2024 1621 2071 Hierusalem3
1650 2042 1683 2061 »-

318 2102 400 2143 hoc
423 2107 502 2145 est,
528 2105 670 2139 sancta
694 2096 846 2142 anima,
876 2097 942 2152 pia
972 2106 1013 2136 ct
1038 2095 1210 2152 pacifica
1231 2095 1500 2152 germanitas,
1518 2094 1672 2136 «Obli-

318 2172 531 2211 »viscatur
553 2182 618 2208 me
647 2169 816 2208 dextera
839 2182 929 2207 moa
947 2182 955 2207 ι
973 2167 1181 2208 adhaereat
1200 2167 1341 2223 lingua
1363 2180 1456 2207 mea
1479 2164 1674 2206 saucibus

319 2262 334 2283 n
350 2242 468 2287 meis,
489 2240 620 2281 sinon
650 2237 882 2280 meminero
901 2238 978 2284 tui,
1001 2237 1032 2278 si
1050 2252 1131 2278 non
1150 2239 1384 2278 meminero
1411 2236 1673 2278 Hierusalem

372 2367 380 2381 ¹
403 2360 498 2389 Cant.
520 2367 590 2389 vm,
611 2357 642 2386 5.
659 2372 695 2388 -,-
717 2362 729 2376 ²
751 2354 812 2384 Hic
829 2353 942 2384 allusio
960 2353 1129 2384 manifesta
1146 2359 1190 2385 est
1205 2353 1243 2384 ad
1258 2353 1329 2384 illos
1341 2352 1418 2384 duos
1431 2351 1555 2393 Virgilii
1571 2362 1676 2383 versus

316 2413 445 2449 AEneid,
462 2423 505 2448 lx,
520 2411 583 2448 446
600 2415 631 2441 ct
650 2409 736 2451 4472:

491 2464 666 2497 Fortunati
683 2466 775 2494 ambo
786 2465 796 2494 J
808 2465 837 2494 si
851 2464 930 2504 quid
944 2474 1014 2494 mea
1025 2464 1167 2494 carmina
1179 2468 1329 2505 possunt,

492 2519 592 2552 Nulla
610 2518 673 2549 dies
687 2528 825 2558 unquam
843 2518 974 2550 memori
989 2529 1041 2549 vos
1059 2518 1178 2549 eximet
1191 2528 1269 2549 aevo.
