1774 3158
499 278 784 307 EPISTOLARUM
819 278 973 307 CLAss1s
1007 280 1033 305 1.
1368 267 1451 323 3227

104 361 223 408 bant,
248 359 454 416 ingressos
479 373 568 399 esse
603 356 834 400 Samariam
868 357 918 398 ad
938 372 1036 399 eum
1063 358 1212 415 ipsum,
1234 374 1358 415 quem
1380 374 1452 402 ca·-

103 445 202 486 pere
224 429 456 485 gestiebant
489 443 498 468 :
533 428 601 470 cui
633 442 718 469 non
755 427 888 467 solum
920 442 1002 467 non
1026 437 1449 484 potueruntnocere;

104 500 176 541 sed
194 498 339 556 ipsius,
364 498 559 540 adversus
582 512 708 555 quem
730 504 953 546 venerant,
984 497 1282 541 intercessione
1305 499 1453 542 servati

106 578 218 612 sunt.

159 640 252 682 XII.
289 639 433 682 Petrus
457 652 625 695 quoque
660 637 872 695 apostolus
898 638 1117 694 utriusque
1144 639 1203 680 rei
1226 639 1342 681 vobis
1360 640 1456 682 edat

106 711 359 766 exemplum.
387 709 490 751 Nam
517 708 586 749 ubi
611 723 707 750 eum
725 708 912 750 Herodes
931 708 1120 764 quaesivit
1141 716 1182 750 et
1200 709 1326 766 cepit,
1346 725 1460 752 rece-

107 780 170 838 p⁴lt
198 780 239 821 in
263 779 504 822 carcerem⁸
529 795 541 826 ;
566 793 649 820 non
673 778 783 820 enim
807 786 1037 819 recesserat
1057 778 1132 820 Dei
1160 779 1363 827 servulus,
1388 779 1461 821 sed

108 858 277 892 steterat
314 848 474 891 timoris
510 849 690 905 ignarus.
733 848 891 890 Orabat
927 862 1004 906 pro
1039 863 1089 889 eo
1128 848 1347 896 Ecclesia,
1387 850 1461 891 sed

109 920 333 979 Apostolus
359 921 399 961 in
433 934 603 961 earcere
638 919 909 975 quiescebat,
933 921 1048 975 quod
1069 927 1131 961 est
1150 919 1354 961 indicium
1376 934 1461 962 non

112 991 308 1034 timentis.
348 991 495 1033 Missus
526 990 802 1046 estiAngelus
829 990 899 1046 qui
930 990 1213 1032 dormientem
1243 990 1460 1039 excitaret,

110 1077 184 1119 per
202 1076 326 1118 quem
350 1061 498 1103 Petrus
521 1062 752 1118 productus
769 1076 791 1102 e
810 1075 997 1110 carcere,
1021 1069 1202 1103 mortem
1226 1060 1276 1102 ad
1300 1069 1464 1118 tempus

113 1134 256 1175 evasit.

171 1203 288 1245 XIII.
313 1203 430 1243 Idem
450 1202 596 1244 Petrus
615 1210 773 1258 postea,
801 1201 912 1242 victo
933 1201 1118 1258 Simone,
1146 1216 1242 1244 cum
1260 1210 1468 1259 praecepta

113 1274 191 1316 Dei
222 1274 378 1330 populo
415 1273 666 1320 seminaret,
715 1274 885 1314 doceret
918 1272 1234 1321 castimoniam,
1274 1273 1470 1316 excitavit

114 1344 273 1393 animos
297 1344 513 1401 gentilium
540 1358 549 1385 :
580 1344 732 1400 quibus
761 1358 858 1384 eum
893 1343 1200 1400 quaerentibus,
1229 1344 1466 1387 christiance

115 1415 264 1456 auimae
286 1416 519 1471 deprecatae
542 1423 654 1461 sunt,
681 1421 726 1454 ut
749 1413 962 1470 paulisper
986 1413 1167 1455 cederet.
1198 1413 1249 1455 Et
1283 1415 1470 1470 quamvis

114 1494 222 1527 esset
242 1485 420 1542 cupidus
439 1484 657 1541 passionis,
678 1492 820 1525 tamen
840 1483 1198 1539 contemplatione
1216 1484 1359 1540 populi
1379 1499 1472 1541 pre-

114 1556 246 1597 cantis
269 1555 444 1596 inflexus
471 1563 560 1602 est3
594 1555 823 1611 rogabatur
854 1553 966 1594 enim
999 1561 1044 1593 ut
1080 1554 1130 1594 ad
1163 1553 1469 1596 instituendum

115 1634 156 1667 et
183 1625 521 1667 confirmandum
553 1626 756 1682 populum
793 1639 836 1664 se
871 1631 1116 1664 reservaret.
1156 1623 1271 1674 Quid
1308 1625 1471 1666 multa?

115 1696 248 1738 Nocte
278 1710 420 1736 muros
448 1695 590 1752 egredi
616 1695 766 1751 coepit,
792 1702 834 1734 et
857 1694 999 1734 videns
1021 1693 1097 1733 sibi
1125 1693 1165 1733 in
1188 1702 1308 1750 porta
1332 1694 1472 1737 Chris-

115 1776 204 1808 tum
233 1781 474 1813 occurrere,
506 1766 740 1821 urbemque
771 1763 950 1820 ingredi,
978 1763 1057 1805 ait:
1084 1763 1279 1816 Domine,
1301 1780 1384 1821 quo
1407 1782 1472 1808 va-

117 1837 211 1879 dis.D
237 1837 469 1894 Respondit
500 1835 692 1877 Christus
723 1852 731 1875 :
768 1833 904 1876 Venio
928 1834 1080 1875 iterum
1107 1834 1312 1892 crucifigi.
1342 1837 1473 1879 Intel-

116 1908 216 1950 lexit
244 1909 392 1950 Petrus
426 1908 477 1948 ad
505 1921 620 1948 suam
654 1921 825 1948 crucem
857 1906 1045 1947 divinum
1070 1905 1280 1962 pertinere
1304 1923 1476 1965 respon-

115 1995 235 2028 sum3
264 1979 457 2020 Christus
492 1978 603 2020 enim
639 1992 720 2018 non
759 1985 926 2034 poterat
964 1977 1116 2018 iterum
1153 1977 1369 2035 crucifigi,
1403 1980 1474 2036 qui

40 2077 67 2091 ,,
117 2064 287 2092 carnem
310 2049 503 2107 passione
533 2056 737 2105 suscepta)
771 2047 917 2088 mortis
944 2055 1147 2088 exuerat:
1175 2064 1190 2085 (ι
1212 2048 1340 2101 Quod
1362 2050 1474 2093 enim

116 2130 337 2164 »mortuus
358 2129 444 2168 est,
477 2129 654 2178 peccato
683 2128 875 2161 mortuus
899 2128 961 2161 est
995 2119 1126 2161 semel
1156 2134 1164 2160 :
1196 2121 1309 2175 quod
1334 2129 1475 2162 autem

117 2192 269 2241 »vivit,
292 2191 392 2233 vivit
418 2189 551 2232 Deo².
583 2209 598 2228 n
619 2189 830 2232 Intellexit
863 2204 962 2246 ergo
996 2189 1144 2230 Petrus
1178 2190 1291 2245 qnod
1323 2189 1476 2232 iterum

118 2262 308 2305 Christus
345 2260 655 2319 crucifigendus
696 2270 806 2302 esset
848 2261 889 2302 in
932 2261 1111 2301 servulo.
1150 2261 1297 2317 Itaque
1328 2270 1476 2318 sponte

116 2333 340 2380 remeavit;
362 2331 717 2387 interrogantibus
738 2330 986 2373 Christianis
1005 2345 1255 2386 responsum
1276 2332 1475 2380 reddidit,

116 2403 344 2459 statimque
371 2411 614 2459 correptus,
641 2417 715 2459 per
738 2415 909 2444 erucem
941 2415 1058 2442 suam
1082 2400 1377 2443 honorificavit
1396 2403 1480 2444 Do-

117 2474 280 2516 minum
302 2473 465 2515 Jesum.

177 2544 288 2587 XIV.
333 2544 492 2587 Videtis
529 2545 655 2602 igitur
684 2544 798 2601 quod
841 2545 881 2586 in
918 2543 1094 2586 servulis
1137 2543 1221 2586 suis
1262 2544 1347 2600 pati
1385 2545 1482 2587 velit

166 2645 174 2660 ¹
200 2638 271 2668 Act.
292 2647 347 2674 Mt,
364 2636 395 2674 4,
411 2641 603 2679 ‹ts=„1:].--
625 2636 812 2674 ¹1‘=om.x·1‚
842 2647 888 2668 ιο.
