1774 3158
542 211 822 241 EPISTULARUM
853 212 1010 242 CLASSIS
1043 216 1068 243 1.
1406 217 1484 262 291

142 288 342 346 religione
381 289 540 338 divina,
575 290 769 333 omnibus
807 292 967 333 saeculis
1005 295 1199 335 mansura
1235 294 1488 340 credebam?

142 357 226 399 Hos
251 373 327 415 ego
350 359 491 401 titulos
515 360 591 416 piae
612 360 775 403 virtutis
798 377 1030 410 erexeram,
1057 363 1128 405 has
1152 365 1203 406 de
1227 368 1378 409 saeculo
1402 384 1486 416 ma-

142 429 312 481 nubias,
339 429 426 471 haec
445 430 572 486 spolia
598 431 649 472 de
671 431 837 472 diabolo
853 464 862 479 ,
882 432 955 473 has
978 448 1053 489 ego
1076 435 1126 475 de
1149 435 1383 479 adversario
1402 454 1488 481 om-

143 490 259 540 nium
290 500 455 541 exuvias
491 500 745 549 offerebam,
772 501 814 542 in
843 502 996 557 quibus
1022 512 1176 546 aeterna
1212 506 1381 549 victoria
1405 519 1481 554 est.

145 569 258 620 Quid
297 571 399 611 mihi
433 572 523 628 plus
560 571 695 628 potuit:
730 587 849 613 meus
888 573 1018 614 hostis
1049 573 1240 616 auferre?
1266 578 1487 636 Abrogasti

146 641 310 681 decreta
326 656 417 682 mea
439 657 447 682 τ
469 643 584 697 quod
606 642 741 683 adhuc
761 642 827 684 ille
846 642 914 698 qui
935 651 1078 684 contra
1099 659 1166 685 me
1183 646 1331 689 levarit
1349 664 1485 700 arma,

144 725 228 751 non
260 710 370 753 fecit.
402 711 522 754 Nunc
551 711 713 768 gravius
744 713 873 753 telum
913 727 1091 769 corpore
1126 715 1303 772 recipio,
1332 721 1488 773 quoda

141 780 266 821 fratrc
288 795 379 822 mea
402 789 554 822 statuta
578 783 843 823 damnantur.
871 782 1040 823 Meliore
1067 792 1186 839 parte
1214 786 1295 826 mei
1318 789 1427 843 apud
1451 797 1490 829 te

140 850 373 907 periclitor3
399 851 472 911 illa=
489 851 600 892 enim
620 866 731 893 mors
755 853 941 908 eorporis
957 885 967 900 ,
990 853 1062 894 ista
1087 854 1249 897 virtutis
1272 865 1346 899 est.
1370 857 1490 900 Nunc

139 917 243 959 mihi
267 919 491 974 abrogatur
508 918 730 975 imperium
746 951 755 966 ‚
774 928 816 960 et
835 920 948 974 quod
968 927 1030 961 est
1048 921 1213 976 gravius
1227 955 1238 970 ‚
1265 924 1491 982 abrogatur

142 1002 162 1028 a
200 988 307 1035 tuis,
343 988 567 1043 abrogatur
591 1003 611 1029 a
648 988 750 1030 meis
777 1004 785 1029 :
813 997 855 1030 et
878 989 919 1030 id
943 997 1194 1045 abrogatur,
1221 995 1333 1048 quod
1364 995 1403 1035 in
1427 1011 1495 1038 me

140 1057 265 1098 etiam
293 1057 380 1098 mei
403 1058 626 1100 adversarii
654 1059 949 1115 praedicaruut.
981 1059 1022 1100 Si
1046 1062 1188 1102 'volens
1211 1063 1453 1118 acquievisti
1475 1099 1485 1113 ,

141 1128 346 1168 damnasti
369 1126 495 1168 fidem
512 1143 648 1169 meam
669 1143 677 1169 :
697 1128 729 1169 si
747 1128 900 1169 invitus
915 1129 1072 1170 cessisti
1090 1163 1099 1177 ,
1116 1131 1336 1187 prodidisti
1356 1141 1485 1177 tuam.

139 1196 247 1251 Ergo
265 1230 274 1243 ‚
299 1197 412 1251 quod
433 1197 596 1252 gravius
615 1205 676 1238 est
692 1230 701 1245 ‚
726 1207 768 1239 et
787 1197 827 1238 in
847 1205 883 1238 te
900 1198 1130 1255 periclitor.

195 1265 305 1308 XVI.
347 1267 461 1316 Quid
484 1268 760 1324 respondebis
784 1268 909 1309 etiam
930 1269 1064 1325 patri,
1086 1270 1215 1325 quite
1236 1271 1397 1327 majore
1420 1275 1492 1315 do-

137 1336 226 1377 lore
249 1337 496 1385 conveniet,
528 1338 671 1379 dicens
697 1352 706 1378 :
732 1337 792 1378 De
819 1352 912 1385 me,
946 1337 1030 1386 fili,
1065 1340 1244 1394 pessimo
1265 1341 1489 1397 judicasti,

138 1406 209 1461 qui
237 1407 390 1462 putasti
422 1408 535 1462 quod
566 1421 643 1463 ego
674 1406 901 1463 gentilibus
934 1407 1245 1449 conniventiam
1273 1412 1489 1465 praestitis-

137 1492 224 1518 sem
251 1491 260 1517 z
286 1492 410 1518 nemo
431 1478 484 1518 ad
510 1492 578 1518 me
609 1477 759 1518 detulit
782 1492 895 1518 aram
918 1493 1007 1518 esse
1034 1478 1074 1519 in
1098 1478 1166 1519 illa
1200 1483 1390 1522 Romana
1414 1497 1490 1523 cu-

137 1548 195 1588 ria
244 1547 360 1602 (105)
383 1565 392 1596 ;
433 1562 651 1604 nunquam
702 1556 866 1589 tantum
910 1548 1025 1590 nefas
1063 1550 1250 1599 credidi,
1298 1554 1410 1607 quod
1449 1553 1490 1595 in

137 1619 350 1659 communi
369 1618 440 1659 illo
453 1618 790 1660 Christianorum
808 1619 1112 1675 gentiliumque
1136 1620 1315 1662 concilio
1336 1623 1491 1664 sacrifi-

137 1696 280 1729 carent
303 1688 477 1744 gentiles
494 1721 503 1737 ,
528 1688 609 1729 hoc
637 1696 723 1735 est,
744 1688 995 1729 insultarent
1013 1689 1188 1745 gentiles
1212 1691 1487 1745 praesentibus

137 1757 385 1800 Christianis
402 1791 412 1806 ,
435 1767 476 1800 et
498 1758 615 1800 inviti
639 1758 863 1799 Christiani
888 1759 1088 1805 interesse
1120 1760 1335 1802 sacrificiis
1361 1777 1487 1819 coge-

135 1836 295 1869 rentur.
324 1828 452 1870 Multa
480 1837 521 1869 et
549 1828 708 1869 diversa
741 1827 944 1876 crimina,
979 1844 1047 1870 me
1075 1829 1330 1885 imperante,
1363 1846 1484 1874 com-

135 1899 259 1939 missa
284 1906 408 1946 sunt,
442 1899 554 1939 ultus
579 1911 672 1938 sum
703 1911 980 1953 quaecumque
1006 1907 1102 1939 sunt
1129 1899 1387 1955 deprehensa
1415 1916 1424 1941 z
1451 1902 1484 1943 si

135 1968 226 2023 quis
248 1978 348 2009 tunc
369 1967 512 2016 latuit,
540 1967 666 2009 debet
682 1981 781 2022 ergo
806 1966 946 2008 dicere
969 1982 1037 2009 mo
1061 1968 1259 2024 probasse
1274 2000 1284 2016 ,
1302 1971 1413 2025 quod
1432 1971 1485 2012 ad

132 2054 200 2080 me
218 2053 338 2080 nemo
355 2040 561 2080 detulerat
578 2037 595 2079 P
611 2038 673 2079 De
699 2052 767 2078 me
789 2038 967 2093 pessime
988 2038 1212 2094 judicasti,
1240 2039 1272 2079 si
1290 2040 1392 2081 mihi
1414 2055 1481 2081 su-

133 2109 319 2166 perstitio
341 2108 471 2150 aliena
494 2141 504 2156 ,
529 2123 613 2150 non
631 2107 736 2149 fides
758 2122 850 2148 mea
868 2109 1045 2150 servavit
1069 2109 1309 2166 imperium.

189 2179 321 2221 XVII.
361 2178 479 2220 Unde
502 2193 600 2220 cum
620 2178 662 2220 id
680 2179 886 2228 advertas,
903 2179 1152 2236 Imperator,
1167 2180 1255 2222 Deo
1279 2181 1480 2236 primum,

134 2250 284 2292 deinde
307 2249 414 2306 patri
432 2258 473 2290 et
493 2248 609 2291 fratri
632 2248 804 2306 injurias
828 2248 1003 2307 irrogari
1019 2282 1030 2299 ,
1052 2251 1084 2292 si
1110 2251 1213 2308 quid
1231 2251 1314 2292 tale
1337 2252 1483 2295 decer-

134 2335 232 2368 nas3
257 2327 353 2376 peto
378 2327 425 2360 ut
450 2319 491 2361 id
511 2318 638 2362 facias
654 2352 664 2370 ,
689 2319 803 2376 quod
820 2319 943 2362 saluti
964 2327 1046 2363 tuae
1069 2322 1183 2379 apud
1202 2321 1338 2364 Deum
1359 2322 1484 2366 intel-

133 2389 226 2446 ligis
251 2389 534 2446 profuturum.

1298 2609 1362 2652 19.
