1774 3158
327 231 413 283 436
879 243 910 271 s.
950 242 1142 273 AMBROSH

383 322 491 366 VIII.
531 321 617 365 Nec
643 319 799 362 mirum
821 319 854 363 si
884 321 1096 378 patienter
1133 321 1342 364 sustinent
1361 355 1370 370 ‚
1409 335 1507 364 cum
1543 322 1677 366 sciant

325 393 557 438 Dominum
578 407 718 440 suum,
741 399 784 433 et
802 391 1043 435 Creatorem
1061 393 1250 435 omnium
1274 393 1358 435 sive
1380 408 1471 449 quae
1487 393 1529 436 in
1551 395 1675 443 coelo,

326 465 411 507 sive
438 477 530 520 quae
553 463 596 504 iu
620 469 729 504 terra
749 471 847 504 sunt
862 495 872 510 ,
896 463 1129 520 suscepisse
1150 462 1282 505 nostri
1305 463 1493 519 corporis
1519 463 1678 520 fragili-

323 543 479 583 tatem,
502 541 655 576 nostrae
680 533 935 575 conditionis
962 534 1223 576 servitutem.
1260 532 1348 575 Cur
1370 548 1470 591 ergo
1493 533 1562 576 illa
1590 549 1678 575 ser-

325 607 503 649 vitutem
529 604 812 662 corruptionis
836 620 919 646 suae
946 620 1031 646 non
1062 604 1269 661 patienter
1291 605 1552 654 sustineant;
1581 619 1679 647 cum

325 677 534 718 Dominus
556 675 746 717 omnium
766 689 841 731 pro
872 682 961 716 toto
983 675 1142 716 mundo
1166 689 1209 716 se
1233 674 1517 717 humiliaverit
1547 690 1681 730 usque

325 749 378 790 ad
398 756 579 789 mortem
596 778 607 794 ,
630 744 932 788 serviformam
951 745 1201 801 susceperit¹
1217 778 1226 793 ‚
1256 754 1478 802 peccatum
1507 745 1654 787 mundi
1669 777 1679 793 ,

322 820 598 862 maledictum
619 819 745 859 etiam
775 830 851 873 pro
875 816 995 857 nobis
1019 815 1154 858 factus
1181 815 1293 857 sit29
1324 816 1440 858 Illius
1461 831 1560 873 ergo
1590 816 1683 858 imi-

324 900 460 934 tantes
496 888 730 931 bonitatem
766 887 957 928 coelestes
990 895 1194 929 creaturae
1229 887 1329 929 licet
1373 887 1650 944 ingemiscant
1670 919 1681 935 ‚

325 961 439 1017 quod
462 958 612 1000 mundi
633 956 762 1012 hujus
784 956 956 997 vanitati
983 957 1185 1011 subjectae
1209 957 1291 998 sint
1308 990 1318 1006 ‚
1345 958 1620 999 consolantur
1642 971 1685 998 se

327 1040 471 1072 tamen
499 1028 613 1084 quod
635 1025 934 1068 liberabuntur
959 1041 977 1066 a
1003 1026 1203 1068 servitute
1226 1026 1511 1084 corruptionis
1531 1057 1542 1074 ‚
1574 1026 1616 1067 in
1642 1027 1688 1068 li-

325 1101 538 1142 bertatem
565 1096 732 1154 gloriae;
758 1109 856 1136 cum
881 1094 1064 1136 filiorum
1090 1095 1167 1137 Dei
1188 1096 1357 1153 adoptio
1380 1096 1541 1137 venerit
1559 1128 1569 1143 ‚
1595 1110 1687 1151 quae

328 1179 392 1213 est
423 1169 717 1211 universorum
741 1165 976 1221 redemptio
997 1182 1039 1205 z«
1060 1165 1166 1207 Cum
1187 1167 1298 1208 enim
1320 1167 1536 1208 intraverit
1554 1166 1689 1223 pleni-

329 1261 346 1280 »
362 1241 465 1283 tudo
488 1237 676 1296 gentium
691 1268 701 1285 ,
728 1247 830 1278 tunc
853 1235 988 1276 omnis
1011 1236 1139 1278 Israel
1161 1237 1297 1278 salvus
1314 1236 1434 1279 erit³.
1454 1256 1469 1276 n
1485 1236 1561 1278 Cui
1578 1236 1690 1277 enim

333 1326 418 1354 non
455 1310 644 1367 ignoscet
682 1307 864 1363 populo,
898 1305 968 1361 qui
992 1305 1173 1361 ignoscit
1194 1306 1320 1348 etiam
1348 1307 1407 1348 illi
1429 1306 1692 1363 persecutori

332 1396 408 1423 suo
425 1413 435 1429 ,
453 1379 525 1436 qui
543 1378 671 1420 dixit:
690 1394 705 1414 (ι
723 1373 950 1431 Crucifige,
976 1374 1176 1432 crucifige
1199 1375 1319 1417 eum¹¹
1344 1392 1387 1424 ς»
1402 1384 1471 1424 et,
1488 1374 1691 1432 «Sanguis

336 1472 352 1490 n
366 1452 457 1508 ejus
484 1463 610 1506 super
633 1462 710 1489 nos
724 1479 734 1494 ,
757 1453 798 1486 et
816 1460 942 1501 super
963 1443 1070 1486 filios
1094 1454 1259 1487 nostros
1275 1446 1286 1466 ⁵
1308 1445 1350 1486 Ρ»
1366 1445 1450 1487 Sed
1466 1445 1562 1502 quia
1582 1445 1696 1487 vani-

338 1523 412 1565 tati
430 1521 555 1563 etiam
577 1516 759 1560 coelestis
778 1515 971 1571 subjecta
998 1525 1191 1557 creatura
1229 1515 1341 1562 est⁶,
1371 1517 1470 1557 licet
1504 1516 1616 1557 istud
1653 1516 1695 1556 in

338 1608 411 1650 spe
426 1625 436 1641 ,
463 1591 590 1632 etiam
612 1589 766 1630 horum
787 1584 1006 1641 perfidiam
1024 1594 1066 1626 et
1084 1586 1373 1627 temulentiam
1391 1619 1400 1634 ,
1423 1585 1607 1626 vanitate
1623 1584 1698 1626 hu-

341 1665 408 1721 jus
425 1660 574 1704 mundi
595 1661 780 1715 lapsam,
801 1655 1013 1713 pertinere
1032 1657 1083 1697 ad
1106 1656 1267 1698 veniam
1295 1656 1480 1714 patietur
1513 1655 1697 1697 veritatis

342 1735 474 1792 pietas
489 1764 499 1781 ,
531 1739 573 1772 et
595 1726 834 1784 redemptio
858 1726 1154 1768 universitatis.

403 1803 480 1847 IX.
518 1802 628 1857 Ergo
659 1807 706 1840 ut
728 1797 1054 1843 concludamus,
1092 1804 1133 1838 et
1165 1796 1234 1838 ille
1255 1805 1395 1839 tantus
1417 1812 1464 1839 ac
1488 1797 1579 1840 talis
1602 1797 1663 1838 sol
1686 1829 1696 1845 ,

347 1884 387 1918 et
409 1875 477 1916 illa
499 1873 600 1914 luna
623 1883 750 1926 quam
780 1867 917 1909 noctis
953 1867 1137 1908 tenebrae
1161 1882 1243 1909 non
1279 1868 1505 1925 operiunt,
1543 1876 1585 1909 et
1620 1867 1699 1913 ilrlae

347 1945 477 1988 stellae
499 1955 591 1999 quae
609 1947 706 1981 sunt
731 1946 974 1979 ornamenta
1001 1938 1095 1979 coeli
1111 1970 1120 1985 ‚
1146 1937 1390 1980 servitutem
1421 1937 1701 1995 corruptionis

348 2028 464 2058 nunc
487 2011 719 2056 sustinent3
740 2007 835 2064 quia
856 2007 1133 2064 corruptibile
1153 2023 1278 2050 omne
1295 2024 1448 2066 corpus
1469 2009 1701 2065 :siquidem

351 2095 394 2129 et
414 2083 509 2127 coeli
531 2080 754 2139 peribunt,
782 2086 824 2119 et
847 2079 1001 2119 coelum
1027 2085 1069 2119 et
1090 2087 1199 2120 terra
1223 2079 1534 2135 praeteribunU.
1556 2080 1702 2121 Postea

355 2165 495 2199 autem
515 2161 558 2195 et
578 2152 636 2193 sol
664 2158 705 2191 et
729 2150 828 2190 luna
851 2155 891 2188 et
914 2156 1063 2189 caetera
1086 2150 1302 2191 stellarum
1335 2151 1494 2192 lumina
1518 2150 1704 2207 requies-

355 2233 453 2268 cent
475 2225 516 2265 in
543 2222 671 2279 gloria
695 2218 880 2260 filiorum
903 2219 1007 2266 Dei3
1032 2219 1201 2275 quando
1222 2238 1236 2257 (ι
1255 2220 1343 2262 Erit
1365 2221 1476 2262 Deus
1499 2222 1638 2263 omnia
1662 2223 1704 2264 in

356 2315 372 2337 n
404 2293 600 2337 omnibus
615 2292 627 2311 ⁸
659 2306 667 2331 ε
696 2289 795 2346 »qui
817 2297 858 2331 et
880 2288 922 2330 in
945 2298 985 2331 tc
1007 2299 1048 2332 ct
1069 2290 1111 2332 in
1133 2290 1254 2333 nobis
1272 2291 1324 2333 sit
1345 2307 1420 2350 per
1435 2308 1553 2335 suam
1570 2293 1704 2349 pleni-

352 2365 546 2409 tudinem
567 2370 610 2404 et
625 2359 970 2403 misericordiam.

400 2491 406 2504 ¹
425 2479 547 2522 Philip.
563 2489 600 2518 ιι,
624 2487 656 2517 7.
678 2491 715 2498 -
733 2484 744 2498 ·
764 2473 869 2506 Galat.
891 2484 941 2508 ιιι,
958 2473 1007 2506 15.
1023 2493 1063 2499 —
1089 2477 1101 2498 3
1124 2476 1219 2508 Rom.
1251 2487 1295 2516 xl,
1315 2479 1417 2509 25.-
1436 2481 1448 2505 4
1467 2480 1563 2512 J03n‚
1585 2491 1651 2518 mx,
1673 2482 1705 2513 6,

351 2557 393 2564 -
412 2540 425 2561 ⁵
445 2534 564 2569 Matth.
582 2541 683 2567 xuni,
701 2530 797 2562 25.--
815 2530 829 2551 ⁶
848 2529 940 2562 Rom.
962 2540 1034 2569 vm,
1052 2541 1148 2563 20.--
1166 2537 1175 2554 ⁷
1197 2531 1316 2568 Mauh,
1333 2543 1420 2570 xxiv,
1438 2533 1490 2567 55.
1505 2553 1546 2558 —
1563 2538 1576 2558 ⁸
1596 2547 1605 2566 ι
1629 2536 1703 2569 Cor.

348 2602 405 2631 xv,
431 2591 484 2622 28.
