1774 3158
283 228 367 271 326
827 241 859 268 s.
899 238 1094 268 AMBRosn

279 411 1081 426 mmmmmmmmmfflmmm
1087 411 1139 422 m
1145 405 1635 422 mmmmm-mmmm

755 541 1021 586 EPISTOLA
1053 541 1139 585 XX
1154 541 1186 584 ¹.

283 703 455 746 Narrat
485 701 627 743 sorori.
646 715 742 757 quce
761 699 1009 745 Mediolani
1035 715 1113 756 per
1144 701 1235 743 dies
1266 701 1434 756 aliquot
1460 710 1638 757 propter

344 772 592 820 basilicam,
617 786 745 826 quam
763 772 961 813 Arriani
973 771 1178 828 petebant
1202 785 1378 812 evenere
1392 786 1406 811 .·
1423 769 1637 824 quomodo

343 859 371 884 a
394 842 710 884 Valentiniani
730 842 955 883 ministris
972 842 1061 898 ipse
1077 841 1210 897 fuerit
1223 840 1501 897 compellatus
1525 872 1535 888 ,
1560 854 1640 895 po-

342 912 474 968 pulus
501 921 650 952 autem
677 911 989 952 reclamaverit
1021 926 1033 952 :
1064 911 1223 952 deinde
1252 910 1466 966 quomodo
1496 909 1641 950 missis

347 981 523 1022 decanis
558 981 616 1021 acl
653 979 884 1021 basilicam
915 981 1244 1030 invadendam,
1283 991 1437 1038 raptus
1464 980 1594 1036 fuerit
1616 994 1644 1019 a

346 1067 372 1092 a
399 1051 559 1107 populo
590 1050 793 1092 Castulus
830 1052 1075 1099 Arrianus,
1112 1054 1237 1107 cujus
1270 1051 1519 1098 occasione,
1546 1050 1643 1091 licet

346 1135 423 1161 sua
442 1120 577 1176 ipsius
599 1134 706 1160 cura
728 1118 904 1160 liberati
930 1121 1070 1161 varice
1093 1130 1244 1161 secuere
1265 1129 1366 1161 sunt
1384 1119 1648 1160 condemna-

350 1191 514 1238 tiones,·
535 1199 632 1245 post
648 1205 743 1243 quoe
766 1191 925 1230 iterum
949 1191 1247 1244 interpellatus
1277 1189 1556 1246 imperatoris
1575 1204 1647 1230 no-

353 1259 475 1299 mine
506 1268 678 1300 sanetus
711 1259 882 1301 Prcesul
916 1275 1085 1317 magna
1118 1261 1363 1302 constantia
1401 1260 1641 1317 respondet.

349 1329 489 1369 Addit
509 1330 722 1384 postridie
741 1341 950 1387 occupata
974 1330 1156 1372 basilica
1172 1365 1181 1380 ,
1214 1332 1376 1373 milites
1403 1346 1446 1373 se
1472 1331 1531 1371 ad
1559 1330 1646 1372 Ca-

348 1399 521 1441 tholicos
545 1400 807 1442 transituros
819 1403 1071 1457 promisisse
1085 1434 1094 1450 ‚
1121 1417 1200 1442 nec
1212 1403 1426 1459 populum
1448 1401 1499 1443 tle
1518 1402 1649 1458 forti-

352 1469 504 1510 tudine
518 1471 763 1525 quidquam
777 1472 1015 1513 remisisse:
1034 1473 1290 1513 tentationes
1306 1471 1389 1513 Job
1405 1481 1444 1513 et
1454 1472 1651 1513 maxime

354 1555 462 1594 quas
486 1555 512 1580 a
534 1541 713 1581 muliere
747 1556 898 1595 passus
927 1542 1100 1599 legitur,
1138 1542 1237 1583 huic
1267 1542 1452 1598 tempori
1488 1555 1651 1582 accom-

355 1611 557 1652 modatas
580 1627 594 1652 .·
621 1611 805 1652 interim
841 1612 1076 1653 liberatam
1114 1611 1367 1660 basilicam,
1411 1612 1484 1653 sed
1517 1611 1653 1654 Nota—

357 1682 478 1722 rium
501 1681 587 1722 sibi
619 1681 734 1723 dura
755 1682 1000 1730 nuntiasse,
1033 1681 1190 1737 quibus
1221 1681 1479 1737 neutiquam
1512 1692 1654 1722 motus

356 1752 493 1808 fuerit
513 1767 526 1793 .·
553 1762 771 1808 postremo
803 1752 1042 1808 prophetice
1071 1753 1201 1793 Jonae
1239 1752 1297 1793 ad
1331 1767 1398 1794 res
1423 1762 1656 1808 proesentes

356 1823 715 1879 adaptationem,
751 1817 904 1880 populi
945 1823 995 1865 ob
1040 1823 1276 1865 liberatam
1314 1823 1540 1866 basilicam
1565 1856 1575 1872 ‚
1617 1834 1657 1864 et

359 1893 551 1934 multam
595 1894 912 1935 mercatoribus
962 1894 1193 1936 remissam
1225 1895 1444 1950 gaudium
1471 1925 1482 1942 ,
1524 1892 1659 1934 verba

364 1964 673 2005 Valentiniani
696 1965 756 2005 ad
781 1967 980 2014 comites,
1007 1976 1047 2006 ct
1068 1981 1198 2008 suum
1235 1965 1295 2006 ad
1329 1965 1556 2021 Calligoni
1578 1964 1659 2005 mi-

363 2048 444 2074 nas
462 2049 715 2090 responsum
731 2034 893 2077 subdit.

275 2261 277 2263 ,
365 2204 398 2244 Ι.
438 2203 639 2254 ΟυοΝιΑΜ
670 2204 711 2245 in
740 2205 936 2247 omnibus
969 2205 1057 2247 fere
1088 2205 1273 2262 epistolis
1304 2204 1482 2248 sollicite
1511 2204 1660 2261 quaeris

303 2273 354 2314 tle
372 2273 608 2323 Ecclesia²‚
639 2274 783 2331 accipe
805 2275 907 2331 quid
933 2284 1092 2331 agatur.
1118 2275 1327 2318 Postridie
1361 2290 1487 2332 quam
1518 2273 1662 2331 accepi

301 2343 463 2385 litteras
494 2352 610 2392 tuas,
647 2344 799 2399 quibus
835 2344 1147 2401 significaveras
1184 2347 1297 2401 quod
1327 2353 1366 2387 te
1404 2345 1663 2402 exagitarent

302 2413 463 2454 somnia
481 2422 551 2454 tua
570 2446 579 2461 ,
600 2415 731 2456 moles
761 2415 1104 2471 inquiet—adinum
1127 2416 1317 2473 gravium
1338 2414 1465 2472 coepit
1484 2414 1658 2456 moveri.

303 2482 388 2525 Nec
423 2483 508 2540 jam
536 2484 758 2534 Portiana,
783 2484 865 2527 hoc
887 2494 977 2534 est,
1006 2494 1301 2528 extramurana
1332 2485 1503 2527 basilica
1545 2491 1664 2541 pete-

354 2587 363 2600 ι
383 2576 508 2620 Scripta
523 2587 600 2610 ann.
620 2578 695 2612 385.
713 2596 748 2603 -
770 2587 784 2602 ⁸
807 2579 887 2611 Vide
903 2580 945 2612 D.
963 2579 1105 2618 Guillon,
1126 2585 1206 2613 tom.
1221 2590 1265 2616 ix,
1284 2589 1353 2622 pag.
1374 2577 1526 2616 555344.
