1774 3158
337 209 389 247 ὃὸ
877 220 906 246 S.
950 221 1138 247 Aunssosn

333 305 469 337 morte
493 311 564 336 sua
588 296 718 337 voluit
742 296 914 353 implere
943 299 1192 354 promissum
1216 315 1224 340 :
1246 302 1317 341 scd
1349 301 1468 342 nobis
1502 301 1678 343 acerbis-

328 365 431 405 sima
453 374 515 406 est
542 365 648 405 sacta
681 366 791 420 ejus,
820 382 910 421 quae
929 368 1222 423 exoptabatur,
1250 371 1482 424 praesentia.
1513 370 1677 411 Utinam

329 434 466 475 adhuc
485 435 603 475 nobis
627 435 811 482 abesset,
838 445 885 477 ut
903 436 980 476 sibi
1003 437 1181 478 viveret!
1204 437 1285 479 Sed
1309 439 1376 479 ille
1400 455 1482 480 non
1507 454 1649 495 passus
1666 472 1675 487 ‚

328 521 424 547 cum
450 506 612 546 audiret
641 506 763 561 Alpes
793 506 920 546 Italiae
942 506 1061 546 hoste
1085 507 1268 547 infestari
1306 509 1485 549 barbaro
1502 542 1511 556 ‚
1534 511 1679 552 maluit

327 576 553 632 periclitari
577 591 642 623 se,
670 577 700 616 si
726 576 879 617 Gallias
911 576 1243 631 derelinqueret.
1274 594 1396 632 quam
1435 589 1575 620 nostro
1605 581 1679 621 de-

329 663 418 688 esse
444 647 645 703 periculo.
682 646 877 701 Magnum
908 646 1068 686 crimen
1091 648 1353 702 agnoscimus
1393 649 1675 705 imperatoris,

329 717 442 772 quod
464 716 653 758 Romano
676 715 808 756 voluit
834 715 1056 756 subvenire
1078 715 1276 771 imperio!
1303 718 1400 759 Haec,
1425 733 1547 759 causa
1570 734 1678 760 mor-

330 785 396 833 tis,
433 800 524 841 qum
552 786 672 840 plena
697 785 844 825 laudis.
882 784 1101 825 Solvamus
1124 786 1235 827 bono
1257 786 1435 843 principi
1459 788 1680 844 stipendia-

330 855 410 895 rias
430 856 659 910 lacrymas3
688 854 783 910 quia
803 854 870 895 ille
892 855 1012 895 nobis
1034 855 1156 897 solvit
1177 856 1302 897 etiam
1327 856 1473 898 mortis
1506 872 1588 898 suze
1612 857 1679 899 sti-

328 927 541 982 pendium.

391 998 461 1038 III.
495 996 581 1038 Noc
605 1005 745 1038 tamen
769 995 900 1037 sseudi
924 996 1154 1037 admonitio
1179 997 1428 1039 necessaria.
1449 997 1572 1039 Flent
1591 1011 1679 1038 om-

331 1081 403 1108 nes
421 1067 548 1114 ‚ssent
564 1074 604 1108 et
619 1067 747 1123 ignoti
762 1097 774 1114 ⁵
798 1065 902 1107 flent
923 1074 964 1107 et
988 1067 1179 1108 timentes
1195 1099 1205 1115 ‚
1234 1067 1336 1108 ssent
1357 1075 1398 1108 et
1416 1066 1555 1114 inviti,
1578 1066 1680 1108 ssent

330 1146 372 1178 ct
394 1137 582 1185 barbari,
607 1137 711 1179 ssent
733 1146 773 1178 et
795 1137 865 1193 qui
892 1137 1142 1179 videbantur
1167 1138 1337 1180 inimici.
1381 1139 1570 1189 Quantos
1603 1139 1679 1180 iste

334 1209 383 1249 de
402 1201 696 1264 Galliis'usque
719 1208 802 1249 huc
825 1208 951 1248 totius
975 1216 1110 1249 tractu
1135 1208 1292 1249 itineris
1315 1210 1568 1265 populorum
1596 1210 1679 1266 egit

330 1280 509 1337 gemitus
541 1280 671 1336 (27)}‘
704 1280 862 1322 Omnes
894 1279 1004 1320 enim
1034 1294 1116 1320 non
1151 1288 1349 1335 tanquam
1382 1279 1678 1336 imperatorem

329 1352 432 1400 sibi,
467 1352 539 1393 sed
565 1360 764 1407 tanquam
794 1359 1013 1407 parentem
1037 1351 1254 1407 publicum
1282 1350 1420 1391 obisse
1447 1350 1678 1391 domestico

328 1422 431 1464 fletu
467 1423 619 1465 doloris
654 1421 939 1477 illacrymant,
970 1437 1127 1478 suaque
1162 1436 1306 1463 omnes
1341 1422 1484 1463 funera
1515 1422 1671 1463 dolent.

329 1495 556 1536 Amisimus
584 1493 696 1535 enim
729 1493 1044 1549 imperatorem,
1082 1493 1122 1533 in
1156 1508 1239 1548 quo
1268 1492 1348 1532 duo
1381 1492 1536 1548 pariter
1567 1506 1677 1534 acer-

328 1568 432 1608 bant
455 1565 664 1612 dolorem,
687 1579 892 1605 annorum
910 1564 1187 1605 immaturitas
1211 1563 1322 1617 (28),
1343 1571 1383 1603 et
1407 1562 1676 1603 consiliorum

330 1645 536 1678 senectus.
572 1636 618 1676 In
649 1635 713 1676 his
744 1649 820 1690 ego
853 1634 959 1682 sseo,
990 1634 1099 1675 sicut
1125 1633 1226 1674 dixit
1256 1633 1494 1689 Propheta:
1521 1650 1534 1670 (ι
1554 1632 1678 1674 Oculi

328 1728 343 1747 »
359 1708 439 1750 mei
459 1707 744 1764 caligaverunt
771 1721 790 1746 a
814 1705 941 1753 ssetu;
966 1705 1061 1761 quia
1086 1704 1293 1760 elongavit
1322 1718 1341 1743 a
1365 1718 1455 1750 me,
1480 1702 1551 1759 qui
1579 1717 1678 1744 con-

326 1779 570 1820 »solabatur
611 1792 678 1818 me
702 1777 731 1818 ¹.
761 1796 774 1814 n
805 1776 929 1818 Oculi
957 1775 1039 1816 mei
1074 1790 1158 1816 non
1190 1775 1324 1815 solum
1355 1773 1566 1830 corporis,
1605 1773 1678 1814 sed

326 1833 452 1892 etiam
474 1849 624 1890 mentis
642 1847 826 1889 hebetati
845 1855 962 1894 sunt,
983 1854 1025 1888 et
1042 1846 1221 1901 quadam
1240 1844 1416 1886 cecitate
1435 1844 1570 1885 omnis
1588 1858 1678 1884 sen-

326 1937 394 1963 sus
413 1921 622 1961 obductus
638 1926 724 1966 est3
745 1917 943 1973 quoniam
961 1924 1128 1973 ereptus
1147 1923 1210 1956 est
1230 1914 1353 1961 mihi,
1379 1914 1450 1969 qui
1469 1911 1678 1954 convertit

325 1993 506 2034 animam
537 2004 697 2037 meam,
722 1996 764 2030 et
787 1987 838 2029 ad
864 2001 979 2044 spem
1014 1986 1239 2027 maximam
1263 1985 1314 2027 de
1341 1998 1506 2025 summa
1534 1998 1676 2024 rerum

325 2060 614 2118 desperatione
642 2057 861 2099 revocavit.

385 2129 454 2172 IV.
501 2147 516 2167 (c
536 2129 706 2176 Audite,
733 2142 877 2168 omnes
905 2125 1067 2182 populi,
1089 2133 1129 2166 et
1149 2125 1287 2166 videte
1309 2125 1496 2166 dolorem
1515 2138 1672 2165 meum.

322 2222 338 2243 »
351 2201 540 2258 Virgines
559 2214 660 2240 meze
678 2205 719 2240 et
735 2198 907 2254 juvenes
928 2195 1008 2237 mei
1028 2195 1220 2236 abierunt
1241 2195 1280 2235 in
1299 2192 1604 2251 captivitatem²
1622 2206 1630 2235 ε
1649 2211 1664 2232 »

323 2274 394 2314 scd
427 2271 594 2327 cognito
619 2269 733 2325 quod
762 2269 812 2309 de
847 2265 1121 2309 Valentiniani
1150 2273 1288 2306 essent
1316 2264 1524 2321 partibus,
1553 2263 1674 2305 liberi

321 2350 597 2385 reverterunt.
631 2338 819 2381 Militavit
850 2337 979 2378 hostis
1009 2336 1211 2377 barbarus
1242 2333 1484 2392 imperatori
1521 2334 1676 2375 adoles-

321 2414 432 2457 centi
447 2446 456 2461 ,
482 2420 524 2453 et
555 2426 638 2452 suae
670 2409 824 2452 oblitus
845 2407 1029 2449 victoriae
1046 2438 1056 2454 ,
1085 2420 1248 2447 memor
1267 2404 1345 2447 fuit
1366 2403 1591 2461 imperialis
1613 2419 1676 2444 rc-

321 2483 530 2528 vercntiae.
567 2481 737 2524 Laxavit
771 2488 918 2537 sponte
953 2492 1057 2534 quos
1096 2485 1287 2534 ceperat,
1321 2490 1527 2518 excusans
1562 2476 1676 2532 quod

369 2570 376 2588 ¹
397 2565 565 2601 ‘1¹11rcn.=,
586 2562 635 2593 16.
662 2579 701 2585 —
724 2571 735 2584 ²
765 2559 853 2591 lbid.
880 2558 928 2589 ιδ.
