1774 3158
644 283 978 314 Auito-rmum.
1403 271 1455 326 47
1468 283 1482 311 ι

520 443 763 474 ANNOTATIO
796 429 887 485 (16)
923 444 1014 487 pag.
1048 431 1120 486 49.

203 566 389 610 Nunnius
420 566 462 608 in
492 581 640 608 eorum
669 580 916 613 numerum,
950 565 1021 620 qui
1046 565 1140 607 vitae
1161 580 1244 607 suae
1267 566 1491 622 turpitudi-

144 651 240 678 nem
267 635 442 677 honesta
468 645 603 677 morte
635 637 901 682 velaverunt,
944 633 1114 675 Catonis
1136 633 1268 676 silium
1290 643 1333 676 et
1351 634 1490 677 Otho-

143 720 240 746 nem
273 705 567 762 imperatorem
603 705 759 747 refert:
793 706 844 746 de
873 718 1054 760 quorum
1090 704 1217 746 etiam
1252 706 1484 762 posteriore

142 774 315 817 Ausonii
345 790 513 823 versus,
557 790 604 817 ac
639 775 827 816 Suetonii
869 774 1154 816 testimonium
1197 775 1364 831 promit.
1408 775 1491 817 Sed

143 844 244 885 alios
271 844 426 886 addere
451 844 654 900 potuisset
680 845 791 886 haud
815 859 970 901 paucos
987 876 999 892 ,
1021 844 1092 900 qui
1117 844 1193 885 sibi
1211 876 1220 894 ‚
1247 854 1292 885 ut
1314 844 1491 886 Ambro-

142 915 225 956 sius
249 914 430 963 indicat,
452 913 604 956 samam
629 915 737 956 sacili
759 915 961 971 sanguine
979 915 1275 961 redemerunt,
1304 930 1493 971 quosque

141 985 292 1042 passim
324 984 365 1026 in
402 985 636 1027 litterarum
667 986 936 1026 monimentis
967 984 1168 1026 offendas.
1203 985 1328 1036 Quod
1352 994 1490 1027 autem

141 1054 364 1109 subjicitur
396 1055 446 1096 de
481 1056 645 1111 populis
679 1056 800 1096 unius
829 1062 963 1096 morte
987 1055 1196 1104 liberatis,
1226 1055 1341 1096 adire
1368 1055 1490 1104 licet,

146 1123 343 1182 Exposic.
375 1125 426 1165 in
449 1124 549 1167 Luc.
569 1158 578 1174 ‚
603 1126 676 1167 lib.
701 1140 760 1172 v1‚
780 1140 897 1166 num.
935 1126 1031 1173 108,
1055 1133 1097 1166 ot
1113 1133 1300 1166 nostram
1319 1125 1371 1166 ad
1394 1139 1490 1167 eum

140 1195 284 1236 locum
306 1195 567 1238 notationem
608 1196 712 1252 (57),
738 1204 840 1238 tom.
863 1211 978 1244 Lv111,
1002 1210 1094 1253 pag.
1119 1199 1220 1252 479.

517 1346 757 1374 ANNOTATIO
795 1332 885 1390 (17)
923 1348 1014 1391 pag.
1054 1334 1120 1375 50.

151 1519 156 1521 ,
199 1468 398 1511 Alludere
441 1469 606 1510 videtur
643 1470 695 1511 ad
724 1468 909 1510 fabulam
944 1467 1136 1517 Tithoni,
1171 1482 1296 1524 quem
1334 1482 1432 1509 eum
1453 1466 1492 1510 ei

140 1540 326 1598 Tethyos
350 1539 557 1582 beneficio
580 1555 827 1582 concessum
845 1548 953 1582 esset
970 1539 1294 1581 immortalitatis
1313 1540 1488 1587 donum,

143 1611 235 1653 vitae
251 1619 411 1652 tantum
428 1611 642 1652 fastidium
661 1611 788 1667 cepit,
809 1618 854 1651 ut
871 1611 1016 1652 mallet
1035 1610 1075 1651 in
1092 1609 1172 1651 vile
1191 1609 1490 1651 animalculum

141 1682 454 1729 transformari,
498 1697 624 1739 quaxn
661 1682 818 1724 diutius
865 1682 1063 1724 humanis
1100 1680 1320 1729 molestiis,
1368 1689 1493 1737 atque

140 1753 338 1796 oerumnis
356 1768 445 1796 esse
467 1753 712 1795 obnoxium.

516 1918 761 1949 ANNoTAmo
797 1904 888 1961 (ιὸ)
923 1920 1016 1963 pag.
1053 1904 1121 1947 55.

198 2042 290 2086 Non
314 2042 639 2084 existimandum
661 2050 724 2083 est
747 2041 1022 2083 Ambrosium
1040 2057 1136 2095 quoe
1155 2041 1276 2097 apud
1301 2052 1496 2084 auctores

138 2113 206 2156 vel
222 2113 412 2154 ethnicos
437 2112 507 2154 vel
526 2123 637 2153 certe
658 2112 980 2154 Ecclesiascc'cos
1002 2111 1053 2152 de
1069 2110 1270 2152 Plzoeniee
1302 2112 1463 2169 legerat
1486 2144 1495 2159 ,

139 2192 189 2225 ea
209 2182 455 2239 Serc‘pturis
486 2183 624 2224 sacris
656 2183 897 2239 imputare,
936 2182 1303 2238 quemadmodum
1337 2181 1498 2223 cavilla-

140 2261 208 2296 tur
228 2253 428 2301 Dallaeus,
454 2252 528 2294 lib.
557 2267 608 2301 11,
638 2252 689 2293 cle
717 2267 796 2294 usa
829 2253 1045 2300 Ραινιιιη,
1081 2266 1174 2309 cap.
1205 2251 1243 2293 5.
1276 2251 1380 2294 Nam
1399 2266 1497 2292 cum

138 2324 211 2368 lib.
248 2338 289 2372 v,
324 2322 561 2374 Heaeaom„
589 2338 679 2381 cap.
723 2324 791 2372 25,
823 2339 938 2366 num.
973 2339 1042 2381 79.
1083 2322 1327 2365 Phoenicem
1361 2322 1500 2363 deela-

139 2409 235 2436 rans
253 2392 429 2450 figuram
451 2408 539 2435 esse
560 2394 903 2442 resurrectionis,
931 2394 982 2435 de
1004 2393 1221 2450 Scriptura
1248 2392 1351 2433 nihil
1372 2392 1494 2449 plane

140 2464 281 2511 dicat3
308 2464 421 2520 quod
448 2471 589 2505 tamen
618 2464 730 2521 apud
753 2463 1037 2510 Christianos,
1072 2463 1225 2520 quibus
1263 2462 1497 2510 scribebat,

139 2535 370 2577 maximum
405 2534 620 2577 habuisset
657 2544 919 2578 momentum
959 2535 1027 2578 hic
1066 2535 1139 2577 uhi
1177 2534 1259 2592 agit
1296 2535 1494 2576 adversus

140 2605 355 2655 ethnicos,
391 2620 468 2650 eur
502 2604 731 2664 Scripturae
758 2606 907 2650 divinae
933 2605 1194 2650 mentionem
1216 2604 1373 2647 faceret
1390 2604 1500 2661 apud
