1774 3158
300 213 386 265 448
844 226 877 254 s.
916 225 1108 256 annosi!

302 305 402 345 dum
436 316 710 350 assumerem3
742 303 855 359 quod
888 303 979 360 ejus
1005 302 1264 360 profundum
1297 301 1338 345 in
1369 305 1553 349 consiliis
1583 306 1650 349 vix

300 372 699 429 comprehendatur,
729 372 907 415 sublime
929 373 970 415 in
991 373 1208 416 sententiis
1232 375 1472 418 audientem
1493 377 1640 434 erigat,

302 444 584 501 disputantem
615 445 844 486 accendat:
863 452 952 486 tum
976 444 1072 500 quia
1096 444 1137 485 in
1163 445 1375 501 plerisque
1403 446 1458 488 ita
1488 462 1531 488 se
1559 448 1648 504 ipse

302 515 385 557 suis
411 521 592 572 exponat
613 514 899 562 sermonibus,
926 523 971 556 ut
992 515 1024 556 is
1047 513 1118 570 qui
1139 522 1309 561 tractat,
1335 516 1442 558 nihil
1465 516 1650 560 inveniat

301 585 415 641 quod
433 584 601 641 adjiciat
624 599 768 633 suum;
794 600 841 627 ac
859 585 891 627 si
912 585 1010 627 velit
1030 584 1185 640 aliquid
1204 585 1360 634 dicere,
1386 587 1650 643 grammatici

300 656 432 715 magis
455 671 580 714 quam
604 656 873 714 disputatoris
895 655 1094 712 fungatur
1114 670 1303 698 munere.

363 729 415 771 ΙΙ.
453 727 502 770 In
524 742 573 769 eo
591 735 730 769 tamen
749 726 947 783 quoniam
966 734 1008 768 et
1037 726 1185 767 veteris
1210 725 1408 768 affectum
1434 726 1649 775 amicitiae,

304 807 346 841 et
366 799 479 855 quod
511 798 604 855 plus
641 806 731 846 est,
771 805 958 854 paternae
998 796 1138 852 gratiae
1171 811 1355 838 amorem
1396 812 1652 854 recognosco

308 868 430 923 (nam
465 875 651 910 vetustas
677 866 805 908 habet
828 866 985 922 aliquid
1008 881 1105 907 cum
1129 866 1319 923 pluribus
1341 867 1625 908 consociabile
1643 899 1653 919 ‚

302 938 462 996 patrius
485 952 603 979 amor
625 950 710 978 non
735 935 890 990 hahet)
908 945 996 978 tum
1017 936 1114 991 quia
1136 951 1219 977 non
1240 935 1382 992 jejune
1404 952 1471 978 me
1506 935 1653 977 secisse

302 1008 412 1064 jam,
437 1008 552 1064 quod
574 1007 760 1064 postulas
777 1038 787 1054 ,
811 1005 1036 1047 arbitratus
1054 1021 1096 1047 es
1119 1039 1127 1052 ,
1152 1007 1309 1063 parebo
1333 1006 1536 1048 voluntati
1553 1014 1651 1054 tuae,

304 1078 543 1120 admonitus
565 1075 796 1134 praesertim
813 1107 823 1123 ‚
843 1084 884 1118 et
907 1083 1161 1132 provocatus
1183 1078 1374 1134 exemplo
1395 1091 1491 1118 meo
1506 1108 1517 1124 ,
1543 1075 1655 1132 quod

301 1147 406 1190 mihi
433 1162 518 1189 non
541 1145 868 1193 difficillimum3
895 1145 992 1201 quia
1015 1160 1100 1186 non
1124 1160 1324 1202 magnum
1349 1146 1557 1202 aliquem,
1583 1145 1657 1186 sed

301 1233 370 1259 me
392 1218 528 1274 ipsum
551 1215 766 1266 imitabor,
787 1229 885 1258 cum
900 1215 941 1257 in
959 1230 1075 1257 meos
1094 1230 1180 1258 non
1198 1231 1371 1273 magnos
1385 1216 1542 1272 aliquos
1557 1228 1654 1256 usus

301 1297 501 1330 revertor.

362 1360 434 1401 ΙΙΙ.
471 1359 522 1400 Et
535 1358 586 1400 de
599 1357 783 1400 consiliis
798 1357 969 1414 quidem
982 1388 993 1406 ‚
1010 1372 1107 1400 cum
1124 1358 1256 1400 beatae
1268 1358 1361 1400 vitae
1376 1357 1512 1415 imago
1531 1364 1655 1413 atque

302 1431 459 1487 effigies
477 1439 621 1472 nostro
645 1443 839 1471 sermone
862 1429 1194 1485 exprimeretur,
1223 1437 1421 1485 putamus
1442 1443 1535 1470 eam
1563 1427 1653 1469 fac-

302 1510 386 1542 tam
410 1499 744 1556 complexionem
760 1530 771 1547 ,
797 1507 843 1540 ut
865 1498 1056 1555 pluribus
1080 1499 1254 1540 sortasse
1277 1499 1364 1540 aliis
1382 1531 1393 1546 ‚
1435 1498 1509 1540 tibi
1539 1505 1652 1538 certe

303 1571 459 1613 amanti
482 1570 613 1612 nostri
631 1584 715 1611 non
735 1569 1049 1625 improbemur:
1079 1569 1178 1610 licet
1201 1569 1410 1610 difficilius
1428 1569 1479 1610 sit
1501 1577 1573 1610 tuo
1590 1568 1651 1624 ju-

302 1643 436 1690 dicio,
472 1656 598 1697 quam
623 1640 809 1697 plurium
832 1653 915 1680 non
938 1639 1159 1696 displicere
1185 1655 1194 1680 ε
1223 1641 1295 1682 sed
1317 1639 1463 1696 judicii
1488 1640 1651 1696 pondus

303 1711 455 1754 ass'ectu
480 1711 645 1752 ablevas
661 1741 672 1759 ,
696 1724 830 1765 eoque
854 1708 956 1750 mihi
979 1708 1186 1751 blandior.

359 1780 430 1824 IV.
467 1781 565 1823 Haec
594 1789 737 1822 autem
760 1779 934 1836 epistola
951 1810 961 1827 ,
989 1778 1189 1835 quoniam
1213 1787 1251 1820 te
1275 1779 1491 1820 absentem
1515 1777 1650 1820 offen-

303 1852 385 1902 dit,
413 1853 464 1893 de
487 1850 705 1893 sententiis
722 1849 839 1892 Pauli
857 1857 920 1891 est
939 1849 1136 1906 apostoli,
1157 1850 1228 1906 qui
1251 1865 1327 1892 nos
1350 1865 1370 1891 a
1393 1848 1591 1891 servitute
1609 1848 1649 1889 in

300 1923 542 1965 libertatem
559 1927 683 1963 vocat
703 1919 849 1961 dicens
872 1934 910 1960 z«
929 1919 1069 1960 Pretio
1093 1919 1222 1976 empti
1244 1919 1342 1961 estis
1357 1951 1366 1966 ,
1400 1919 1530 1960 nolite
1557 1916 1649 1958 fieri

300 1993 439 2035 »servi
465 1989 733 2037 hominum¹‚
753 2008 769 2029 n
783 1990 1006 2031 ostendens
1029 1988 1266 2031 libertatem
1281 1998 1465 2031 nostram
1485 1989 1527 2030 in
1549 2003 1648 2044 cog-

302 2064 464 2107 nitione
480 2077 569 2104 esse
591 2060 930 2118 sapientiae.Quae
951 2059 1154 2101 sententia
1179 2075 1329 2115 magno
1349 2074 1368 2100 a
1391 2058 1649 2116 philosophis

302 2135 506 2178 fluctuata
531 2140 656 2188 atque
679 2130 909 2188 jactataest
934 2129 1226 2186 disputationis
1247 2130 1486 2182 molimine,
1512 2130 1652 2171 dicen-

303 2206 415 2248 tibus
441 2203 539 2260 quia
566 2201 702 2244 omnis
728 2201 891 2258 sapiens
931 2200 1061 2249 liber,
1102 2199 1237 2242 omnis
1278 2208 1417 2242 autem
1449 2199 1649 2256 insipiens

299 2274 463 2319 serviat.

270 2397 279 2402 -
363 2345 409 2389 V.
445 2344 530 2387 Sed
556 2344 689 2386 multo
712 2342 793 2385 hoc
821 2339 938 2399 prius
969 2339 1103 2382 David
1139 2339 1249 2382 filius
1287 2341 1419 2390 dixit,
1456 2340 1528 2397 qui
1562 2341 1646 2382 ait:

313 2416 502 2459 «Stultus
524 2415 634 2457 sicut
662 2415 762 2457 luna
791 2409 1028 2454 mutatur2.
1049 2431 1064 2449 n
1095 2409 1268 2468 Sapiens
1290 2411 1403 2453 enim
1425 2426 1510 2453 non
1533 2418 1649 2452 metu

297 2487 519 2546 frangitur,
542 2500 627 2528 non
640 2491 848 2543 potestate
866 2490 1076 2532 mutatur,
1095 2496 1181 2525 non
1198 2483 1402 2526 attollitur
1419 2481 1646 2540 prosperis,

342 2590 351 2605 ¹
376 2592 387 2613 ι
407 2580 488 2615 Cor.
508 2589 570 2619 vn,
589 2577 642 2614 23.
657 2585 723 2603 -·
742 2576 847 2611 Eccli.
862 2586 964 2616 xxvii,
981 2586 1030 2608 η.
