1774 3158
390 222 439 248 DE
474 222 565 247 FIDE
599 219 958 251 mmmmmcrmms,
997 221 1072 247 11112.
1115 223 1156 248 11.
1404 214 1455 267 37

116 298 201 340 dies
230 298 391 340 leniat?
415 298 504 340 Non
538 297 650 352 quod
684 296 955 338 obliteratum
990 307 1050 339 est
1075 301 1271 357 temporis
1301 303 1427 345 series
1445 336 1455 351 ‚

114 369 262 409 melius
284 368 504 426 prudentia
529 367 748 423 mitigabit.
781 367 891 417 Quin
913 368 1039 408 etiam
1062 370 1143 411 hoc
1169 372 1301 426 ipsum
1325 373 1453 414 irreli-

114 437 272 493 giosum
310 447 409 495 puto
452 452 547 493 erga
585 436 770 492 ipsorum
806 437 1052 478 memoriam
1073 470 1082 485 ,
1124 454 1226 494 quos
1266 442 1458 483 dolemus

115 507 305 554 amissos;
332 516 376 548 ut
399 506 585 547 oblivisci
607 520 754 546 eorum
779 506 996 552 malimus,
1022 521 1148 562 qnam
1175 512 1459 553 consolatione

113 577 288 618 mulceri
314 592 322 617 :
351 585 420 617 aut
453 590 549 617 cum
578 575 752 617 horrore
785 576 994 617 reminisci
1019 609 1029 624 ,
1062 592 1185 633 quam
1221 581 1459 623 meminisse

112 661 208 687 cum
228 646 355 703 gratia
379 662 387 687 :
409 646 744 687 recordationem
766 645 937 693 timere,
959 662 1137 702 quorum
1156 648 1292 704 imago
1312 650 1462 691 debeat

111 730 199 756 esse
221 715 421 772 voluptati
449 731 458 756 ε
488 714 676 757 diffidere
698 715 858 772 potius,
885 731 1009 771 quam
1036 732 1201 773 sperare
1228 720 1278 759 de
1301 719 1460 761 meritis

112 784 404 826 defunctorum
428 800 437 826 :
458 792 498 825 et
517 799 649 841 poenae
673 785 863 826 addictos
881 818 890 832 ‚
917 801 1042 841 quam
1064 787 1365 829 immortalitati
1389 789 1460 830 ‹le-

109 853 218 895 bitos
234 886 244 901 ,
270 869 373 910 quos
396 854 587 895 dilexeris
603 886 613 900 ,
636 854 855 896 testimare.

167 924 240 966 IX.
272 924 355 966 Sed
388 923 489 966 dicis
522 939 531 964 :
563 924 678 975 Quos
711 924 1012 981 diligebamus,
1048 924 1276 967 amisimus.
1313 926 1459 969 Nonne

106 995 196 1036 haec
214 995 335 1037 nobis
354 1010 450 1036 cum
470 995 559 1052 ipso
578 994 736 1035 mundo
753 995 1057 1051 elementisque
1078 996 1317 1037 communia
1336 1007 1456 1046 sunt3

106 1066 202 1121 quia
227 1067 280 1107 ad
304 1075 468 1123 tempus
501 1066 660 1108 credita
684 1066 723 1107 in
748 1075 999 1123 perpetuum
1029 1075 1172 1108 tenere
1197 1082 1282 1109 non
1312 1083 1459 1124 possu-

107 1136 230 1178 mus?
252 1137 392 1179 Gemit
417 1145 523 1178 terra
549 1137 625 1177 sub
645 1136 790 1178 aratris
808 1169 817 1183 ‚
844 1137 1048 1178 Imbribus
1066 1136 1255 1185 caeditur,
1279 1146 1458 1193 tempes-

109 1215 191 1248 tate
213 1207 478 1254 concutitur,
503 1206 720 1263 stringitur
741 1206 918 1263 frigore,
938 1207 1024 1248 sole
1049 1215 1255 1254 torretur3
1278 1215 1324 1249 ut
1346 1207 1457 1249 fruc-

107 1286 171 1318 tus
197 1292 359 1318 annuos
380 1276 477 1318 foeta
498 1277 730 1332 parturiat:
755 1285 797 1318 et
818 1291 913 1317 cum
937 1291 980 1317 se
997 1276 1110 1317 vario
1131 1276 1236 1317 ssore
1258 1277 1455 1325 vestierit,

105 1348 276 1404 proprio
294 1346 461 1388 exuitur
482 1355 523 1387 et
545 1347 748 1403 spoliatur
768 1353 936 1387 ornatu.
961 1345 1150 1396 Quantos
1168 1345 1255 1387 haec
1273 1354 1458 1403 raptores

105 1417 260 1460 habet?
280 1417 365 1460 Nec
389 1417 572 1459 fructum
597 1432 718 1458 suum
745 1415 936 1473 queritur
959 1416 1156 1457 amissum
1174 1448 1184 1464 ,
1215 1431 1340 1472 quem
1364 1417 1456 1458 ideo

103 1488 337 1544 generavit,
371 1496 416 1530 ut
453 1488 664 1530 amitteret
691 1502 699 1528 :
726 1501 802 1529 nec
826 1487 1107 1543 imposterum
1144 1493 1293 1543 negat,
1331 1501 1457 1542 quem

103 1559 178 1599 sibi
200 1559 392 1600 meminit
418 1559 709 1600 auferendum.

160 1627 215 1670 X.
265 1628 427 1671 Coelum
462 1629 597 1685 ipsum
640 1643 724 1669 non
755 1643 921 1685 semper
952 1628 1169 1670 stellarum
1207 1627 1454 1669 micantium

102 1698 233 1754 globis
255 1699 405 1755 fulget,
431 1698 583 1755 quibus
609 1699 723 1755 quasi
748 1699 997 1755 quibusdam
1024 1698 1245 1755 insignitur
1266 1698 1446 1741 coronis.

102 1768 194 1811 Non
212 1784 377 1825 semper
401 1778 495 1811 ortu
518 1770 623 1810 lucis
648 1769 849 1816 albescit,
875 1769 999 1811 radiis
1023 1769 1118 1810 solis
1140 1769 1320 1811 irrutilat
1345 1784 1353 1810 :
1379 1769 1454 1810 sed

102 1839 273 1880 assiduis
307 1839 469 1881 vicibus
501 1839 568 1880 ille
604 1839 776 1896 quidam
809 1839 957 1880 mnndi
991 1840 1129 1880 vultus
1157 1837 1414 1894 gratissimus
1440 1870 1449 1883 ,

100 1909 292 1950 humenti
316 1909 502 1951 noctium
517 1910 666 1966 caligat
685 1910 870 1951 horrore.
889 1908 1003 1959 Quid
1023 1908 1177 1966 gratius
1198 1907 1322 1950 luce?
1343 1907 1448 1963 quid

101 1979 185 2020 sole
201 1978 460 2035 jucundius?
482 1994 573 2035 qnae
598 1979 784 2035 quotidie
807 1978 1008 2020 occidunt
1026 2010 1036 2026 ‚
1058 1977 1284 2030 decessisse
1304 1986 1446 2019 tamen

99 2049 188 2090 haee
210 2048 329 2091 nobis
359 2063 442 2091 non
468 2051 642 2091 moleste
672 2048 842 2090 ferimus
861 2080 872 2096 ‚
898 2047 992 2104 quia
1015 2061 1112 2088 eum
1135 2046 1272 2088 redire
1295 2061 1449 2104 praesu·

99 2119 266 2160 mimus.
292 2119 467 2161 Doceris
494 2119 536 2160 in
561 2119 623 2160 his
654 2133 778 2175 quam
808 2118 848 2159 in
881 2117 961 2160 tuis
986 2117 1138 2159 debeas
1159 2116 1357 2158 exhibere
1378 2131 1447 2173 pa-

98 2188 297 2231 tientiam.
327 2188 370 2231 Si
391 2189 605 2247 superiora
627 2189 699 2231 tibi
722 2188 947 2237 occidunt,
972 2202 1048 2229 nec
1071 2187 1204 2229 dolori
1225 2196 1345 2235 sunt3
1370 2201 1451 2230 cur

99 2259 131 2300 si
154 2258 390 2301 occiderint
410 2259 593 2301 humana
608 2292 619 2307 ‚
644 2259 899 2301 doleantur?

156 2327 230 2369 XI.
268 2327 331 2369 Sit
363 2336 504 2370 tamen
531 2328 695 2385 patiens
731 2330 850 2370 dolor
869 2361 880 2378 ,
908 2328 960 2370 sit
990 2328 1031 2369 in
1061 2326 1249 2369 tristibus
1271 2327 1423 2369 modus
1441 2359 1450 2373 ,

99 2397 169 2453 qui
191 2397 370 2453 exigitur
402 2399 442 2440 in
467 2399 676 2441 secundis.
709 2399 773 2441 An
801 2399 834 2440 si
857 2398 1134 2440 immoderate
1163 2398 1346 2453 gaudere
1367 2411 1450 2438 non

100 2468 317 2516 convenit,
349 2469 492 2525 lugere
516 2468 750 2510 convenit?
771 2468 863 2511 Non
898 2469 1010 2510 enim
1046 2467 1260 2510 mediocre
1291 2467 1448 2508 malum

100 2547 162 2580 est
192 2539 484 2581 immoderatio
507 2539 690 2589 doloris,
721 2547 791 2582 aut
822 2547 958 2581 metus
982 2539 1141 2581 mortis.
1175 2539 1368 2590 Quantos
1398 2535 1450 2578 ad
