1774 3158
507 213 791 242 EPISTOLARL'M
822 213 979 242 CLASSIS
1013 214 1038 243 1.
1373 201 1454 258 367

107 290 237 346 plagis
253 323 264 339 ,
283 300 326 334 et
349 292 486 334 adhuc
513 294 664 334 cedere
685 292 878 334 nesciunt
895 290 1074 334 Arriani.
1093 292 1260 344 Quanta
1275 295 1458 351 perpessi

108 369 228 409 sunt,
254 369 294 402 et
319 363 679 418 quemadmodum
710 361 898 409 Pharao,
936 363 1053 404 malis
1078 363 1160 404 suis
1185 362 1458 405 indurantur?

106 430 284 473 Dicebat
307 433 516 480 diabolus,
539 434 800 490 utscriptum
818 432 995 489 legin‘lus
1017 449 1024 473 :
1044 452 1058 469 (ι
1076 433 1171 475 Scio
1186 442 1226 475 te
1248 435 1337 487 quis
1355 435 1451 481 scis,

107 508 182 541 »tu
206 516 248 543 es
265 503 395 544 Filius
415 502 489 544 Dei
514 503 630 545 vivi'.
654 503 886 545 »Dicebrnt
905 502 1041 544 Judaei
1064 519 1105 543 z«
1123 503 1339 545 Nescimus
1363 505 1454 560 quis

107 569 227 613 »sit².
247 592 260 609 υ
276 571 483 614 Dicebant
507 573 632 614 hodie
654 581 696 615 et
722 571 935 629 superiore
960 572 1025 613 die
1048 574 1113 613 vel
1138 582 1262 614 nocte
1307 574 1454 614 daemo-

106 656 202 683 nes:
219 642 383 684 Scimus
401 643 494 699 quia
520 652 723 700 martyres
736 642 846 684 estis.
870 643 921 684 Et
938 641 1103 684 Arriani
1124 642 1272 684 dicunt
1288 659 1296 684 ε
1315 644 1454 686 Nesci-

106 727 199 753 mus
220 746 230 762 ,
256 713 452 754 nolumus
475 713 728 770 intelligere,
754 713 950 754 nolumus
981 714 1164 754 credere.
1195 713 1352 754 Dicunt
1377 715 1454 755 dae-

106 799 252 825 mones
273 785 552 841 martyribus:
573 784 753 826 Venistis
774 784 951 841 perdere
974 798 1070 831 nos3
1091 782 1255 825 Arriani
1280 785 1448 826 dicunt:

106 854 197 896 Non
216 862 312 896 sunt
334 855 571 896 daemonum
585 870 678 896 vera
700 862 930 902 tormenta,
950 855 1023 896 sed
1046 852 1142 895 ficta
1161 863 1201 895 et
1219 854 1451 911 composita

102 924 296 966 ludibria.
321 924 472 966 Audivi
499 927 628 967 multa
652 925 872 982 componi,
899 924 980 966 hoc
1006 939 1129 966 nemo
1155 939 1342 980 unqurnm
1370 923 1447 965 fin-

104 1009 202 1051 gere
224 995 390 1050 potuit,
424 1004 468 1036 ut
494 997 726 1037 daemonem
750 1011 793 1037 se
813 1011 904 1037 esse
926 996 1155 1036 simularet.
1179 995 1293 1046 Quid
1311 995 1414 1036 illud
1438 1028 1448 1043 ‚

104 1064 218 1120 quod
236 1064 289 1105 ita
308 1064 504 1121 exagitari
529 1080 598 1106 eos
614 1065 824 1114 videmus,
846 1065 998 1122 quibus
1021 1080 1169 1106 manus
1186 1064 1448 1121 imponitur?

105 1132 184 1174 Ijhi
205 1133 273 1174 hic
298 1135 415 1175 locus
440 1135 576 1176 fraudi
597 1144 658 1177 est
673 1135 690 1176 Ξ)
708 1136 779 1176 ubi
804 1134 984 1192 suspicio
1006 1134 1260 1176 simulandi?

162 1203 301 1246 XXII.
329 1204 411 1246 Sed
430 1220 513 1246 non
531 1220 606 1262 ego
627 1207 678 1247 ad
698 1205 942 1261 suffragium
962 1213 1195 1261 martyrum
1213 1218 1368 1260 usurpo
1384 1219 1450 1245 vo-

105 1287 197 1313 cem
229 1275 553 1316 daemoniorum.
594 1275 819 1317 Beneficiis
857 1275 940 1316 suis
969 1290 1083 1316 sacra
1106 1274 1242 1331 passio
1264 1288 1454 1331 compro-

103 1343 237 1386 betur.
262 1345 397 1385 Habet
420 1345 602 1400 judices,
623 1346 695 1387 sed
718 1354 941 1402 purgatos:
961 1345 1087 1386 habet
1114 1352 1259 1391 testes,
1285 1343 1357 1384 sed
1382 1343 1452 1384 ab·

103 1415 276 1458 solutos.
299 1415 444 1456 Melior
466 1430 543 1455 vox
561 1424 622 1456 est
638 1447 648 1462 ,
673 1430 798 1471 quam
823 1414 976 1456 sanitas
988 1414 1174 1470 loquitur
1196 1428 1341 1454 eorum
1357 1412 1453 1469 ‚qui

102 1484 260 1526 debiles
279 1486 537 1527 advenerunt
552 1501 560 1526 ε
575 1486 722 1528 melior
741 1500 819 1527 vox
840 1494 925 1533 est,
951 1500 1076 1541 quam
1099 1484 1263 1540 sanguis
1281 1483 1453 1532 eu1ittit3

99 1554 228 1596 habet
252 1555 363 1596 enim
386 1555 550 1611 sanguis
569 1570 716 1596 vocem
735 1567 931 1596 canoram
947 1588 956 1602 ‚
977 1569 1068 1610 quae
1091 1555 1141 1595 de
1161 1553 1281 1594 terris
1305 1554 1356 1593 ad
1374 1567 1452 1593 eoe-

99 1625 186 1666 lum
219 1626 421 1681 pervenit.
452 1625 626 1682 Legistis
646 1626 812 1667 dicente
850 1626 936 1666 Deo
959 1641 1000 1666 :«
1024 1624 1199 1681 Sanguis
1224 1624 1360 1665 fratris
1391 1624 1450 1664 tui

102 1684 285 1737 »clamat
314 1697 363 1737 ad
390 1694 499 1737 me³.
530 1695 609 1736 »Et
636 1695 704 1737 hic
727 1696 892 1752 sanguis
917 1696 1070 1736 clamat
1091 1695 1242 1736 coloris
1267 1693 1447 1735 indicio:

101 1765 267 1822 sanguis
316 1766 469 1807 clamat
507 1766 759 1822 operationis
798 1765 1008 1822 praeconio
1045 1781 1052 1806 :
1094 1764 1260 1820 sanguis
1297 1765 1451 1805 clamat

100 1835 301 1892 passioniS
333 1835 560 1892 triumpho.
606 1835 873 1877 Satissactum
906 1843 967 1876 est
988 1835 1180 1891 petitioni
1206 1843 1376 1883 vestrae,
1405 1842 1451 1875 ut

101 1907 340 1947 condendas
370 1905 562 1948 hesterno
599 1906 640 1948 in
667 1906 917 1949 hodiernum
946 1907 1058 1948 diem
1091 1905 1334 1948 differemus
1356 1905 1452 1946 reli-

101 1974 216 2034 quias
242 1975 373 2031 (156).

147 2086 155 2101 ¹
175 2078 279 2110 Marc.
300 2090 322 2114 ι,
342 2079 392 2116 ²4.
411 2097 450 2103 —
470 2089 482 2104 ⁸
501 2078 596 2112 Joan.
612 2091 656 2116 ix.
674 2092 723 2122 ²9-
740 2099 781 2104 —
800 2080 812 2101 ³
830 2081 913 2113 Gen.
930 2091 976 2119 lv,
998 2091 1044 2112 10.
