1774 3158
258 251 340 299 :340
805 259 836 285 s.
877 257 1068 286 ninnosu

258 341 378 382 aliter
399 345 742 381 consummatum
779 345 855 379 est.
891 337 995 380 Nam
1025 335 1211 393 episcopi
1245 335 1450 378 sinceram
1475 335 1611 391 primo

259 409 514 467 scripserant
536 407 664 449 fidem
692 421 701 448 :
731 408 804 449 sed
826 407 927 449 dum
953 407 1102 448 volunt
1125 406 1297 462 quidam
1326 407 1376 447 de
1399 404 1481 446 fide
1504 405 1612 447 intra

257 479 460 536 palatium
501 477 717 534 judicare,
750 477 791 519 id
832 485 1032 534 egerunt,
1072 485 1119 518 ut
1153 474 1614 532 circumscriptionibus

258 549 325 590 illa
349 548 650 605 episcoporum
676 546 830 602 judicia
854 554 1132 588 mutarentur.
1154 545 1236 597 Qui
1256 555 1395 587 tamen
1418 542 1613 589 inflexam
1648 554 1660 586 7-
1712 566 1718 579 .-
1738 565 1746 581 2

263 620 401 662 statim
442 632 697 661 revocavere
730 618 996 659 sententiam.
1027 617 1077 658 Et
1103 625 1216 659 certe
1253 616 1389 672 major
1415 629 1616 657 numerus

261 690 439 733 Arimini
468 689 623 733 Nicaeni
647 688 816 731 concilii
849 687 975 730 fidem
1004 687 1219 745 probavit,
1249 686 1425 729 Arriana
1447 685 1616 728 decreta

259 762 485 807 damnavit.
700 754 703 756 ’

316 833 430 877 XVI.
467 831 510 873 Si
535 833 586 873 ad
620 830 838 887 Synodum
866 838 1066 894 Egomssat
1092 828 1353 877 Auxentius,
1380 836 1426 870 ut
1457 828 1509 869 de
1533 824 1616 868 fide

259 906 444 963 disputet
466 903 588 958 (licet
608 917 693 944 non
711 901 763 943 sit
781 916 951 943 necesse
968 909 1144 958 propter
1162 916 1293 943 unum
1313 908 1374 942 tot
1397 899 1616 955 episcopos

259 974 450 1032 fatigari,
487 973 557 1029 qui
585 971 750 1014 etiamsi
776 972 961 1027 Angelus
985 973 1036 1012 de
1059 972 1165 1012 coelo
1188 980 1317 1019 esset,
1352 970 1444 1027 paci
1467 970 1617 1011 Eccle-

259 1046 416 1088 siarum
455 1057 539 1084 non
575 1041 749 1083 deberet
783 1040 1004 1096 praeserri)
1055 1056 1151 1082 cum
1191 1042 1363 1082 audiero
1398 1040 1618 1096 Synodum

260 1112 533 1172 congregari,
559 1119 599 1153 et
622 1112 709 1168 ipse
731 1125 818 1153 non
844 1111 984 1153 deero.
1016 1111 1134 1153 Tolle
1166 1111 1291 1168 igitur
1316 1112 1476 1168 legem,
1502 1109 1535 1152 si
1558 1109 1617 1151 vis

258 1201 347 1228 esse
365 1192 607 1226 certamem
648 1218 655 1224 x
738 1205 760 1210 »

315 1255 452 1299 XVII.
490 1253 729 1301 Venissem,
753 1253 1002 1310 Imperator,
1034 1253 1085 1294 ad
1109 1253 1404 1295 consistorium
1427 1253 1619 1294 clemen-

260 1328 325 1371 tiae
353 1336 459 1374 tuae,
488 1333 535 1367 ut
556 1324 646 1366 haec
675 1339 817 1366 coram
842 1339 1134 1381 suggererem;
1167 1324 1199 1365 si
1227 1339 1296 1365 me
1326 1325 1389 1365 vcl
1412 1322 1617 1380 episcopi,

258 1400 324 1442 vel
351 1397 531 1456 populus
554 1395 869 1453 permisissent,
891 1395 1079 1437 dicentes
1105 1397 1154 1437 de
1178 1394 1261 1438 fide
1283 1395 1323 1437 in
1343 1393 1530 1436 Ecclesia
1550 1407 1617 1434 co-

259 1485 348 1514 ram
367 1468 524 1527 populo
545 1467 698 1508 debere
717 1466 902 1508 tractari.

260 1596 269 1602 ‚
318 1538 474 1583 XVIII.
533 1537 670 1593 Atque
707 1536 867 1578 utinam
884 1568 895 1584 ,
929 1536 1164 1593 Imperator
1182 1568 1191 1586 ‚
1237 1552 1323 1580 non
1369 1536 1618 1593 denuntias-

260 1628 324 1655 ses
348 1610 466 1668 (125)
504 1616 548 1650 ut
586 1622 670 1664 quo
694 1608 845 1649 vellem
872 1622 1106 1667 pergerem.
1143 1608 1344 1659 Quotidie
1371 1608 1616 1665 prodibam,

260 1697 386 1726 nemo
413 1696 481 1722 me
507 1678 755 1721 asservabat.
792 1677 985 1719 Debuisti
1010 1693 1103 1727 me,
1138 1693 1222 1734 quo
1250 1679 1464 1726 volueras,
1490 1676 1616 1720 desti-

260 1768 378 1801 nare,
409 1764 535 1808 quem
561 1748 649 1805 ipse
668 1747 865 1790 omnibus
888 1737 1132 1791 offerebam.
1161 1748 1283 1791 Nunc
1304 1749 1408 1791 mihi
1433 1764 1453 1790 a
1477 1763 1620 1791 sacer-

263 1824 434 1867 dotibus
460 1811 621 1863 dicitur
658 1834 667 1860 ε
706 1818 797 1861 Non
834 1821 1018 1861 multum
1054 1810 1256 1868 interest,
1291 1828 1434 1862 utrum
1475 1821 1621 1862 volens

261 1895 489 1950 relinquas,
516 1906 567 1933 an
594 1888 733 1932 tradas
757 1891 887 1931 altare
912 1889 1097 1938 Claristi3
1124 1905 1223 1931 cum
1244 1889 1356 1931 enim
1380 1889 1616 1946 reliqueris,

263 1964 417 2007 trades.

323 2032 445 2077 XIX.
485 2030 623 2087 Atque
651 2029 811 2071 utinam
839 2029 1000 2085 liquido
1022 2029 1125 2071 mihi
1148 2037 1311 2087 DQ&
1340 2031 1455 2086 quod
1476 2028 1622 2071 Arria-

213 2151 226 2164 ·
265 2106 329 2148 nis
353 2103 538 2146 Ecclesia
566 2101 738 2143 minime
765 2102 1016 2150 traderetur,
1047 2109 1196 2158 sponte
1224 2116 1291 2143 me
1322 2100 1518 2143 offerrem
1542 2109 1622 2142 tuae

264 2175 430 2234 pietatis
458 2173 642 2215 arbitrio.
680 2171 762 2213 Sed
795 2173 826 2213 si
857 2187 933 2228 ego
957 2173 1070 2213 solus
1091 2172 1371 2230 interstrepo,
1397 2187 1474 2214 cur
1495 2172 1622 2214 etiam

268 2249 320 2290 de
352 2245 440 2287 aliis
482 2243 679 2285 omnibus
712 2243 956 2284 invadendis
993 2243 1191 2284 Ecclesiis
1223 2252 1284 2285 est
1326 2242 1624 2301 preceptum?

270 2318 439 2360 L'tinam
471 2313 770 2360 confirmetur,
813 2322 858 2355 ut
896 2314 1093 2356 Ecclesiis
1131 2316 1271 2357 nullus
1311 2317 1510 2357 molestus
1548 2314 1622 2358 sit!

265 2389 376 2446 Opto
401 2395 447 2428 ut
470 2388 521 2427 de
548 2400 640 2432 me,
671 2385 803 2441 qualis
827 2385 1008 2433 videtur,
1034 2386 1241 2428 sententia
1265 2386 1514 2444 proseratur.

324 2456 424 2500 XX.
462 2455 694 2510 Dignanter
717 2455 857 2511 igitur,
884 2455 1134 2512 Imperator,
1157 2456 1303 2513 accipe
1320 2457 1433 2512 quod
1456 2456 1508 2497 ad
1529 2469 1626 2497 con-

265 2526 478 2571 sistorium
502 2525 643 2567 venire
664 2539 746 2567 non
778 2525 894 2581 potui
929 2525 1066 2582 (126).
1097 2526 1184 2584 Ego
1208 2527 1249 2569 in
1275 2525 1523 2569 consistorio
1547 2523 1625 2568 nisi
