1774 3158
243 270 329 321 458
787 287 819 316 ε.
859 286 1052 315 ΔΜΒιιοειι

245 363 361 420 quasi
382 363 517 406 victor
533 364 750 407 debellatis
769 380 790 407 a
807 380 850 407 se
870 381 918 408 ac
934 362 1204 423 triumphatis
1226 366 1418 417 libidine,
1442 368 1593 412 timore

244 435 422 492 ignavia,
449 436 754 484 moestitudine,
778 437 1023 494 caeterisque
1047 437 1176 485 vitiis;
1203 439 1337 480 donec
1360 454 1407 480 ea
1434 440 1485 481 de
1503 455 1595 497 pos-

244 506 428 548 sessione
459 521 542 547 suae
572 506 724 548 mentis
752 507 965 556 eliminet,
989 516 1030 549 et
1059 508 1255 550 omnibus
1288 508 1476 551 terminis
1508 509 1596 551 fini-

247 577 410 632 busque
432 577 516 618 suis
537 579 758 633 propulset
780 586 905 634 atque
924 586 1064 620 arceat
1080 593 1089 618 :
1105 579 1303 634 quoniam
1329 581 1414 622 dux
1435 579 1597 622 cautior

244 647 359 689 novit
389 662 589 689 excursus
619 662 767 691 cavere
799 649 1166 697 latrocinantium,
1192 657 1234 690 et
1265 651 1456 705 quaedam
1488 650 1598 692 furta

245 717 343 758 belli
387 718 528 773 (154),
566 732 659 774 quae
701 718 952 775 iniquissimi
993 718 1140 759 animae
1179 727 1330 760 nostrae
1375 719 1599 761 adversarii

249 786 388 843 ignitis
405 802 514 844 saepe
536 796 778 844 pertentant
800 787 994 844 spiculis3
1022 795 1119 830 sunt
1139 787 1249 829 enim
1268 788 1388 829 nobis
1408 789 1599 844 quaedam

246 864 288 897 et
314 855 356 897 in
379 872 482 912 pace
501 857 655 913 praelia,
681 865 723 898 et
747 857 788 898 in
807 858 917 899 bello
938 872 1030 913 pax.
1056 858 1175 899 Unde
1192 866 1234 899 et
1257 857 1324 898 ille
1347 857 1404 899 ait
1424 872 1433 899 :
1451 876 1464 895 a
1482 858 1601 899 Foris

250 942 444 984 »pugnae‚
475 928 584 969 intus
616 928 802 970 timores.
843 928 926 970 Sed
959 929 1000 969 in
1031 928 1094 969 his
1127 929 1323 969 omnibus
1356 944 1601 986 superamus

251 1005 450 1053 »propter
475 1012 591 1045 eum,
614 997 688 1053 qui
707 998 850 1038 dilexit
871 1012 946 1038 nos
961 998 990 1038 ¹.
1015 997 1156 1038 »Dicit
1177 998 1273 1053 quia
1293 1013 1428 1053 neque
1450 1013 1602 1055 angus-

248 1067 332 1115 tiis,
358 1081 491 1122 noque
518 1067 904 1124 persecutionibus,
928 1082 1066 1122 neque
1088 1066 1213 1115 same,
1240 1068 1445 1124 periculo,
1467 1077 1604 1110 morto

248 1144 432 1178 terretur
447 1136 477 1178 ².

310 1206 473 1248 XXXI.
513 1207 597 1258 Qui
627 1221 725 1249 vero
755 1207 845 1248 haec
869 1208 1013 1256 timet,
1038 1207 1108 1262 qui
1130 1215 1311 1249 mortem
1342 1208 1602 1256 reformidat,

254 1278 469 1334 quomodo
488 1292 570 1318 non
589 1276 763 1318 servus?
785 1276 922 1318 Servit
940 1278 1144 1334 prosecm,
1163 1287 1204 1320 et
1219 1279 1413 1320 miseram
1436 1279 1606 1335 quidem

251 1346 520 1396 servitutem3
545 1347 649 1390 nihil
671 1348 784 1389 enim
807 1348 864 1389 sic
889 1349 1071 1390 animam
1094 1350 1145 1391 ad
1168 1364 1336 1391 omnem
1363 1349 1605 1392 servitutem

256 1417 418 1473 dejicit,
448 1419 662 1474 quomodo
688 1418 872 1459 formido
899 1419 1058 1461 mortis.
1087 1418 1314 1470 Quomodo
1335 1419 1448 1461 enim
1468 1434 1512 1460 se
1533 1419 1609 1461 eri-

253 1495 323 1543 gat
345 1487 534 1543 abjectus
567 1496 609 1530 et
641 1488 731 1530 vilis
760 1503 906 1530 sensus
929 1497 1052 1544 atque
1080 1488 1291 1544 ignobilis,
1327 1490 1542 1530 demersus
1567 1488 1608 1529 in

258 1571 428 1598 omnem
447 1557 699 1600 infirmitatis
718 1558 961 1615 voraginem
978 1559 1071 1600 vitae
1086 1558 1212 1614 hujus
1231 1559 1459 1615 cupiditate
1473 1558 1490 1600 P
1503 1557 1610 1601 Vide

260 1640 386 1682 quam
408 1642 550 1669 servus
569 1643 577 1669 :
595 1642 610 1666 «
629 1627 899 1670 Abscondam
924 1643 1009 1677 me,
1037 1629 1188 1683 inquit,
1214 1637 1257 1670 et
1282 1643 1354 1670 ero
1381 1643 1550 1685 gemens
1570 1636 1612 1669 et

258 1706 472 1739 »tremens
495 1713 621 1755 super
645 1707 829 1747 terram3
854 1707 896 1740 ct
915 1700 1014 1748 erit,
1036 1700 1172 1741 omnis
1198 1700 1268 1756 qui
1291 1699 1499 1741 invenerit
1524 1714 1609 1747 me,

257 1769 455 1811 »occidet
475 1769 586 1811 me³.
607 1770 782 1826 »Itaque
805 1771 924 1827 quasi
953 1786 1095 1812 servus
1128 1771 1292 1827 signum
1319 1770 1508 1828 accepit,
1534 1784 1612 1812 nec

261 1838 320 1880 sic
347 1847 487 1881 tamen
522 1854 672 1881 necem
703 1841 845 1897 potuit
870 1842 1059 1883 evadere.
1096 1840 1232 1883 Servit
1263 1841 1389 1898 igitur
1415 1849 1614 1898 peccator

262 1908 494 1959 formidini,
525 1910 651 1953 servit
680 1910 804 1953 etiam
833 1911 1071 1968 cupiditati,
1103 1911 1228 1953 servit
1260 1911 1456 1959 avaritiae,
1489 1911 1616 1953 servit

264 1980 454 2029 libidini,
479 1981 607 2023 servit
636 1982 830 2030 malitiae,
859 1983 986 2024 servit
1013 1983 1263 2031 iracundiae,
1287 1991 1329 2024 et
1350 1983 1513 2025 videtur
1534 1983 1616 2025 hu-

266 2052 450 2110 jusmodi
471 2053 550 2095 sibi
573 2053 681 2095 liber
697 2055 795 2096 :sed
816 2054 946 2111 magis
967 2054 1109 2103 servit,
1134 2068 1259 2110 quam
1278 2054 1311 2095 si
1329 2054 1407 2095 sub
1428 2053 1616 2111 tyrannis

265 2123 437 2181 positus.

322 2193 506 2237 XXXII.
544 2195 609 2236 Illi
636 2203 774 2236 autem
796 2193 918 2237 liberi
940 2201 1051 2241 sunt,
1073 2193 1143 2250 qui
1163 2193 1326 2250 legibus
1348 2193 1503 2236 vivunt.
1532 2194 1619 2236 Lex

265 2272 406 2306 autem
433 2279 531 2306 vera
551 2279 689 2306 sermo
714 2272 869 2314 rectus,
900 2266 967 2306 lex
986 2279 1083 2306 vera
1104 2279 1189 2305 non
1207 2263 1415 2321 insculpta
1444 2265 1615 2314 tabulis,

265 2348 344 2376 nec
361 2348 443 2374 aere
464 2333 613 2382 incisa,
639 2334 713 2376 sed
740 2334 940 2391 impressa
968 2334 1199 2382 mentibus,
1219 2343 1343 2390 atque
1370 2333 1496 2376 infixa
1521 2349 1619 2376 sen-

262 2403 402 2451 sibus;
428 2404 595 2459 quando
617 2404 781 2460 sapiens
799 2419 883 2446 non
900 2405 1102 2460 sublege,
1125 2405 1198 2446 sed
1217 2404 1302 2461 ipse
1320 2404 1399 2446 sibi
1419 2406 1486 2447 lex
1507 2413 1569 2448 est
1583 2404 1616 2454 ¹⁴,

263 2486 368 2530 opus
395 2472 497 2530 legis
523 2473 566 2514 in
592 2474 720 2516 corde
749 2489 825 2516 suo
849 2474 1087 2524 continens,
1122 2474 1303 2517 naturali
1327 2474 1407 2517 sibi
1436 2476 1545 2532 stylo
1576 2485 1619 2517 et

312 2581 323 2598 ¹
347 2587 364 2608 2
385 2577 463 2610 Cor.
483 2587 527 2609 vn
542 2599 551 2617 ‚
578 2578 610 2609 5.
630 2596 670 2606 -
698 2586 711 2602 ⁸
738 2578 833 2611 Rom.
855 2587 935 2617 viu,
957 2578 1010 2621 37.
1032 2596 1071 2604 —
1095 2581 1108 2603 ³
1127 2578 1210 2611 Gen.
1232 2588 1277 2617 ιν,
1293 2578 1344 2616 ι4.
1372 2596 1413 2604 —
1431 2579 1445 2607 4
1470 2577 1565 2611 Rom.
1581 2588 1620 2618 ιι,

268 2630 305 2669 ιι
318 2636 352 2664 et
368 2631 415 2664 ι5.
