1774 3158
309 290 397 339 404
860 304 892 331 s.
935 303 1129 332 Attinnosu

308 387 350 420 et
372 379 412 420 in
432 378 501 420 illo
517 379 668 430 simus,
682 379 785 422 illud
805 381 943 424 animo
962 391 1192 431 teneamus,
1209 383 1321 439 quod
1336 391 1398 425 est
1414 384 1656 441 pulchrum,

309 451 510 491 decorum
531 483 540 498 ,
569 451 758 498 bonum3
785 459 831 493 ut
864 451 935 494 fiat
959 453 1265 494 illuminatione
1289 454 1401 508 ejus,
1426 463 1467 496 et
1500 455 1661 512 fulgore

307 521 493 576 speciosa
529 521 663 562 anima
696 530 862 570 nostra,
900 532 942 564 et
971 539 1091 564 mens
1115 524 1311 566 dilucida.
1344 525 1447 567 Nam
1485 526 1517 566 si
1549 527 1662 567 oculi

310 589 441 630 nostri
475 605 571 631 cum
595 591 731 647 aliqua
761 593 1036 633 obducuntur
1059 593 1262 650 caligine,
1286 604 1516 649 pascuntur
1539 610 1661 650 agro-

307 674 402 700 rum
419 660 649 710 viriditate,
679 670 720 703 et
748 663 886 718 specio
906 663 1112 709 nemoris,
1140 664 1205 704 vel
1232 665 1350 704 collis
1373 664 1542 706 herbosi
1572 679 1663 705 on]-

307 744 404 771 nem
424 730 750 788 inaequalitatem
774 733 1041 789 mgrescentis
1059 733 1233 774 obtutus
1252 734 1477 790 repellunt,
1500 742 1541 775 et
1558 749 1665 790 qua-

307 800 403 841 dam
438 802 594 842 salubri
640 802 779 859 specie
811 802 979 859 pupillae
1019 804 1141 860 ipsse,
1173 812 1297 859 atque
1329 804 1452 845 orbes
1485 805 1664 847 colorari

306 869 526 919 videntum
563 879 723 926 quanto
764 873 895 928 magis
938 873 1007 914 hic
1043 873 1196 913 mentis
1228 874 1376 915 oculus
1422 888 1520 914 cum
1562 874 1666 915 illud

307 954 523 982 summum
560 941 748 982 intuetur
778 942 937 982 bonum
963 975 972 990 ‚
996 951 1038 984 et
1067 943 1109 983 in
1141 958 1190 983 eo
1218 951 1428 990 versatur,
1457 951 1580 999 atque
1615 958 1666 984 eo

307 1011 518 1066 pascitur,
556 1011 833 1068 splendescit,
875 1020 998 1067 atque
1035 1012 1193 1059 enitet,
1227 1020 1271 1052 ut
1312 1012 1385 1054 siat
1416 1013 1518 1054 illud
1552 1013 1668 1068 quod

308 1080 513 1136 scriptum
542 1089 634 1122 est:
659 1098 674 1118 ιι
697 1081 915 1137 Tanquam
947 1082 1069 1137 adipe
1099 1091 1139 1123 et
1170 1082 1424 1139 pinguedine
1456 1083 1668 1139 repleatur

308 1150 477 1190 »anima
516 1150 703 1191 mea'P»
741 1151 933 1206 Denique
958 1152 1029 1207 qui
1062 1152 1244 1193 scienter
1277 1153 1464 1208 agnoscit
1509 1152 1668 1194 animas

310 1220 446 1275 gregis
469 1220 558 1268 sui,
589 1234 733 1261 curam
763 1221 935 1262 adhibet
968 1221 1111 1262 herbis
1153 1222 1484 1277 campestribus,
1509 1230 1555 1262 ut
1587 1223 1670 1262 sint

315 1290 351 1331 'ei
376 1306 527 1347 pascua
561 1291 769 1347 plurimag
796 1291 934 1332 herbis
954 1292 1065 1333 enim
1097 1292 1359 1333 suavioribus
1381 1300 1422 1333 et
1454 1291 1547 1348 agni
1571 1293 1668 1349 pin-

310 1361 476 1416 guiores
493 1361 613 1409 fiunt,
628 1370 833 1403 etsuccus
853 1363 970 1404 lactis
987 1363 1210 1404 salubrior.
1227 1362 1391 1413 Quibus
1418 1377 1583 1418 pascuis
1607 1362 1669 1404 usi

312 1440 408 1472 sunt
425 1431 572 1473 divites
591 1432 664 1478 illi,
679 1432 750 1487 qui
766 1432 1122 1474 «Maducaverunt
1139 1442 1180 1474 et
1198 1432 1502 1474 adoraverunff
1520 1449 1530 1480 ;
1545 1450 1558 1470 ι)
1573 1441 1671 1474 sunt

311 1502 422 1543 enim
448 1503 558 1543 bona
582 1502 677 1544 fidei
706 1518 859 1560 pascua
879 1504 919 1544 in
942 1504 1095 1559 quibus
1121 1505 1356 1545 collocatur
1372 1502 1550 1544 Sanetus
1575 1503 1665 1545 Dei.

371 1573 444 1613 III.
482 1575 554 1615 Est
578 1589 677 1630 ergo
709 1583 750 1615 et
785 1574 945 1615 soenum
965 1607 974 1622 ,
1008 1590 1090 1630 quo
1130 1576 1300 1615 aluntur
1331 1589 1475 1630 greges
1497 1575 1667 1623 ovium,

313 1645 383 1700 qui
411 1645 610 1686 emittunt
635 1646 784 1686 vellera
810 1645 1048 1702 sapientiae,
1075 1654 1117 1687 et
1144 1647 1245 1686 dant
1266 1646 1466 1686 amictum
1487 1646 1674 1701 pruden-

316 1716 397 1757 tiae.
431 1716 482 1756 Et
512 1715 685 1756 sortasse
703 1715 784 1756 hoc
807 1724 868 1756 est
884 1715 1042 1756 soenuin
1060 1723 1308 1756 montanum
1325 1747 1333 1762 ,
1351 1716 1390 1755 in
1416 1715 1529 1770 quod
1546 1715 1672 1755 verba

314 1786 578 1826 descendunt
593 1786 812 1841 Prophetae
832 1802 840 1826 :
859 1786 1003 1827 «Sicut
1021 1786 1088 1826 nix
1107 1801 1232 1842 super
1252 1785 1408 1825 l'oenuin
1422 1784 1432 1804 ³
1451 1801 1461 1831 ;
1479 1803 1492 1821 »
1507 1792 1546 1825 et
1560 1784 1674 1839 quod

313 1855 536 1912 diligenter
566 1857 724 1913 colligit
747 1856 959 1912 sapiens&
987 1865 1032 1897 ut
1063 1857 1145 1897 sint
1174 1856 1210 1897 ei
1241 1871 1336 1897 oves
1363 1857 1413 1896 ad
1446 1855 1669 1903 vestitum,

316 1927 510 1983 spiritalis
552 1927 698 1982 ntique
728 1927 961 1968 velaminis.
997 1928 1133 1967 Habet
1161 1942 1261 1982 ergo
1297 1926 1439 1967 cibum
1474 1941 1595 1967 suum
1634 1934 1676 1967 et

319 1998 519 2039 amictum
555 1997 692 2038 anima
714 2029 723 2044 ,
757 2012 848 2053 quae
882 1998 939 2038 illi
978 1990 1144 2038 sumino
1182 1998 1296 2038 bono
1328 1997 1536 2043 afflueret,
1563 1997 1676 2051 quod

317 2077 380 2110 est
406 2069 595 2110 divinum
620 2083 629 2109 t
656 2070 770 2124 quod
799 2068 1011 2125 apostolus
1034 2068 1183 2108 Petrus
1207 2068 1353 2108 suadet
1375 2068 1673 2122 quaerendum3

318 2148 365 2181 ut
397 2154 471 2196 per
491 2139 582 2194 ojus
622 2139 872 2195 cognitionis
895 2137 1217 2193 acquisitionem
1247 2137 1395 2178 divinae
1420 2136 1550 2177 simus
1573 2150 1676 2177 con-

325 2218 459 2250 sortes
491 2208 693 2249 naturae⁵.

382 2278 449 2321 IV.
491 2278 624 2334 Hujus
647 2277 930 2334 coguitionem
952 2279 1083 2335 aperit
1104 2278 1256 2319 sanctis
1273 2277 1357 2319 suis
1381 2278 1493 2319 Deus
1517 2277 1675 2325 bonus,

324 2359 367 2393 et
394 2351 522 2392 donat
546 2351 624 2391 boc
644 2351 695 2391 de
718 2350 914 2391 thesauro
935 2366 1009 2391 suo
1030 2351 1142 2390 bono
1160 2350 1293 2397 ‚sicut
1320 2347 1570 2390 testificatur
1593 2347 1678 2388 Lex

303 2460 305 2462 .
329 2436 444 2463 sacra
462 2453 471 2468 ‚
491 2421 636 2462 dicens
657 2435 665 2461 :
684 2438 699 2458 «
723 2421 832 2471 Quia
851 2420 1002 2474 juravit
1025 2421 1227 2462 Dominus
1253 2419 1441 2475 patribus
1469 2418 1550 2458 tuis
1578 2417 1678 2459 dare

328 2512 344 2531 »
360 2492 435 2534 tibi
457 2501 498 2534 et
516 2492 676 2549 aperire
699 2491 942 2533 thesaurum
967 2507 1089 2532 suum
1113 2489 1295 2532 bonum⁶
1319 2505 1369 2540 :vn
1395 2491 1445 2531 de
1468 2504 1551 2545 quo
1575 2488 1673 2530 the-

377 2607 385 2621 ¹
404 2598 487 2630 Psal.
503 2607 574 2636 xxx,
598 2607 648 2628 21.
662 2614 701 2621 —
722 2606 734 2621 ²
754 2595 806 2628 Id.
825 2607 906 2631 xxu.
928 2607 952 2628 1.
971 2614 1011 2621 -
1030 2599 1043 2620 ³
1063 2597 1159 2629 Deut.
1177 2607 1280 2635 xxxu,
1297 2607 1327 2628 2.
1353 2613 1390 2620 —
1420 2596 1433 2622 ⁴
1452 2594 1546 2626 Prov.
1573 2603 1677 2631 xxvii,

335 2655 386 2686 25.
404 2671 443 2679 —
462 2655 475 2676 ὅ
495 2664 512 2684 ι
529 2652 620 2686 Petr.
635 2663 656 2687 1.
670 2652 702 2689 4.
720 2669 762 2676 -·
785 2653 800 2674 ⁶
826 2652 922 2684 Deut.
940 2662 1054 2689 xxvxu,
1075 2661 1108 2684 ιι
1126 2657 1159 2684 et
1178 2662 1229 2684 ια.
