1774 3158
287 249 366 291 300
612 249 623 257 ’
827 263 858 289 s.
900 261 1089 289 amnaosu

278 342 372 383 lunt
396 339 548 396 igitur,
591 338 759 396 eligant.
804 338 847 381 Si
870 338 910 380 in
947 338 1146 381 Romanis
1173 339 1367 380 vicerunt
1412 353 1555 387 sacra,
1594 339 1635 380 in

282 409 683 466 Carthaginensibus
699 425 798 466 ergo
821 419 1014 466 superata
1038 418 1135 450 sunt
1157 425 1163 449 ε
1192 408 1224 450 si
1261 408 1301 450 in
1327 409 1634 465 Carthaginen-

280 481 392 523 sibus
420 480 700 537 triumphata,
729 495 805 521 nec
828 479 1027 523 Romanis
1052 479 1195 535 utique
1220 480 1483 535 prosuerunt.

342 552 430 594 Vll.
454 551 1003 608 Facessatigiturinvidiosa
1018 550 1084 590 illa
1099 550 1430 606 populiRomani
1444 550 1630 605 querela:

281 636 366 663 non
386 621 495 663 hanc
512 612 644 664 Roma
659 621 885 662 mandavit.
905 621 1006 661 Aliis
1021 621 1086 661 illa
1106 635 1175 661 eos
1193 620 1632 675 interpellatvocibus:

281 693 396 742 Quid
412 707 479 733 me
493 707 609 733 casso
628 691 816 747 quotidie
839 690 972 747 gregis
985 690 1142 731 innoxii
1160 690 1361 746 sanguine
1376 689 1637 732 cruentatis?

284 762 377 804 Non
401 762 441 802 in
466 761 581 802 fibris
600 761 830 818 pecudum,
851 763 926 802 sed
944 760 984 801 in
1004 759 1160 801 viribus
1179 760 1430 801 bellatorum
1453 758 1638 816 trophaea

283 832 468 873 victoriae
490 839 600 872 sunt.
629 831 731 872 Aliis
753 845 832 886 ego
859 830 1090 887 disciplinis
1114 829 1260 870 orbem
1285 829 1443 886 subegi.
1486 829 1638 872 Milita-

283 902 356 943 hat
382 902 608 948 Camillus,
639 901 710 956 qui
733 901 895 941 sublata
923 900 1134 957 Capitolio
1151 900 1264 955 signa
1282 933 1290 946 ‚
1313 900 1428 941 caesis
1450 899 1639 956 Tarpeia:

286 973 401 1028 rupis
435 971 847 1027 triumphatoribus,
876 971 1103 1026 reportavit
1133 985 1141 1010 ε
1177 971 1322 1011 stravit
1357 969 1511 1017 virtus,
1535 984 1639 1025 quos

284 1043 429 1098 religio
458 1056 542 1082 non
563 1041 755 1082 removit.
789 1041 902 1091 Quid
925 1030 1136 1082 deltuilio
1159 1042 1309 1096 loquar
1325 1042 1459 1096 (107),
1478 1041 1548 1097 qui
1567 1041 1639 1081 mi·

284 1114 415 1155 litiam
431 1113 557 1154 etiam
580 1111 966 1167 mortisimpendit?
978 1112 1198 1152 Africanus
1215 1126 1300 1153 non
1319 1111 1427 1152 inter
1447 1112 1640 1167 Capitolii

284 1199 398 1232 ara&
445 1176 620 1224 sc‘finter
644 1181 864 1223 Annibalis
898 1182 1007 1223 acies
1040 1169 1304 1238 triumphum
1329 1182 1500 1224 invenit.
1529 1182 1643 1233 Quid

284 1253 386 1295 mihi
407 1262 598 1294 veterum
618 1253 809 1308 exempla
830 1251 1140 1308 prol'ertisI‘Odi
1156 1253 1259 1293 ritus
1270 1252 1500 1294 Neronum.
1526 1253 1640 1303 Quid

287 1324 423 1365 dicam
459 1324 680 1365 bimestres
704 1323 979 1379 imperatores
1009 1324 1124 1378 (108)
1147 1356 1156 1370 ‚
1181 1332 1222 1364 et
1256 1323 1456 1365 terminos
1494 1339 1640 1380 regum

287 1408 386 1435 cum
411 1394 591 1435 exordiis
616 1394 861 1450 copulatos?
881 1394 962 1434 Aut
990 1393 1098 1434 sorte
1121 1394 1224 1434 illud
1252 1402 1314 1435 est
1336 1409 1490 1435 novum
1511 1427 1521 1442 ‚
1544 1394 1642 1435 bar-

286 1463 410 1504 baros
428 1464 511 1505 suis
538 1463 766 1505 excessisse
790 1462 980 1504 finibus?
1004 1463 1218 1519 Numquid
1251 1464 1376 1505 etiam
1402 1464 1458 1505 illi
1497 1464 1642 1507 Chris—

288 1534 387 1576 tiani
408 1534 576 1575 suerunt
596 1566 607 1583 ,
635 1549 817 1589 quorum
846 1533 1074 1575 miserabili
1101 1550 1292 1590 novoque
1319 1536 1513 1591 exemplo
1541 1536 1644 1576 alter

294 1606 481 1661 captivus
507 1606 762 1660 imperator,
789 1605 866 1645 sub
902 1605 1033 1646 altero
1073 1606 1260 1662 captivus
1284 1607 1419 1654 orbis,
1452 1606 1644 1648 fefellisse

294 1692 384 1732 quie
414 1676 632 1717 victoriam
668 1675 994 1732 promittebant,
1035 1691 1129 1717 suas
1157 1677 1427 1718 czercmonias
1453 1677 1648 1734 prodide-

285 1747 414 1788 runt?
448 1747 663 1802 Numquid
692 1756 733 1787 et
757 1754 857 1788 tunc
883 1762 965 1788 non
986 1756 1077 1788 erat
1114 1764 1182 1789 ara
1215 1747 1440 1791 victorife?
1465 1749 1646 1791 Poenitct

291 1820 431 1875 lapsus
448 1825 634 1859 :vetusta
658 1817 1028 1873 canitiespudendi
1045 1819 1256 1874 sanguinis
1269 1823 1404 1876 traxit
1427 1820 1639 1862 ruborem.

293 1890 384 1933 Non
410 1891 614 1931 erubesco
643 1886 740 1930 cuni
781 1877 868 1930 toto
903 1890 1006 1930 orbe
1048 1890 1233 1946 longaeva
1261 1891 1461 1932 converti.
1488 1890 1644 1932 Verum

253 1996 258 2001 .
293 1970 406 2002 certe
431 1969 494 2001 est
517 1960 610 2016 quia
635 1961 746 2000 nulla
771 1969 868 2001 astas
893 1961 943 2001 ad
964 1961 1289 2016 perdiscendum
1313 1975 1402 2001 sera
1438 1968 1513 2002 est.
1545 1961 1646 2002 Eru-

295 2033 440 2074 bescat
463 2039 656 2072 senectus
680 2046 770 2087 quae
792 2032 1020 2072 emendare
1043 2046 1085 2072 sc
1106 2046 1189 2071 non
1215 2039 1365 2086 potest.
1404 2031 1494 2073 Non
1520 2047 1647 2072 anno-

295 2117 389 2143 rum
411 2102 584 2143 canities
603 2109 665 2142 est
686 2102 875 2150 laudata,
899 2102 972 2142 sed
993 2115 1171 2143 morum.
1191 2101 1339 2142 Nullus
1355 2103 1492 2158 pudor
1515 2111 1576 2144 est
1595 2102 1647 2144 ad

293 2172 465 2215 meliora
510 2173 696 2213 transire.
745 2172 833 2213 lloc
884 2172 1016 2212 solum
1056 2170 1267 2212 habebam
1299 2186 1526 2214 commune
1549 2188 1647 2215 cum

293 2244 508 2290 barbaris,
532 2242 624 2298 quia
658 2242 791 2283 Deum
820 2250 938 2283 antea
967 2243 1218 2284 nesciebam.
1260 2242 1522 2284 Sacrificium
1552 2259 1645 2285 ves-

291 2323 403 2356 trum
432 2313 535 2353 ritus
558 2321 619 2353 est
641 2312 871 2353 bestiarum
884 2327 1034 2352 cruore
1050 2313 1247 2369 respergi.
1273 2313 1387 2363 Quid
1409 2313 1449 2354 in
1470 2314 1647 2356 mortuis

292 2384 526 2441 pecudibus
551 2382 733 2439 quaeritis
757 2383 833 2424 Dei
858 2382 1197 2431 vocesPVenite,
1225 2393 1266 2425 et
1289 2384 1438 2426 discite
1463 2385 1503 2426 in
1526 2385 1648 2427 terris

290 2455 503 2496 coelestem
530 2453 720 2494 militiam
746 2467 753 2493 :
783 2452 859 2494 hic·
876 2453 1078 2501 vivimus,
1105 2453 1246 2494 etillic
1267 2453 1512 2494 militamus.
1543 2454 1648 2496 Coeli

291 2524 537 2581 mysterium
553 2524 703 2565 doceat.
720 2538 786 2565 me
802 2524 915 2566 Deus
935 2523 1023 2581 ipso
1041 2557 1049 2571 ,
1072 2503 1380 2580 qui-condidit:
1398 2539 1482 2566 non
1501 2524 1645 2573 homo,

291 2595 362 2652 qui
387 2610 429 2637 se
468 2595 606 2652 ipsum
633 2594 853 2652 ignoravit.
887 2594 964 2637 Cui
1001 2596 1131 2652 magis
1172 2595 1223 2637 de
1257 2596 1367 2644 Deo,
1398 2610 1522 2652 quam
1560 2595 1648 2639 Deo
