1774 3158
314 202 369 250 14
871 208 902 236 s,
943 205 1136 234 Anonosn

314 292 387 340 tis,
409 297 580 332 aetatum
602 285 815 334 omnium,
842 285 1038 327 ordinum
1058 283 1245 325 omnium
1269 293 1386 331 vota,
1422 299 1529 326 nova
1553 302 1659 342 qua-

312 365 407 406 dam
421 362 570 417 pictate
585 356 765 400 defertis.
788 356 879 399 Non
897 356 1008 398 enim
1023 355 1319 397 misericordiae
1332 354 1502 412 privatae
1521 357 1656 406 dolor,

307 433 381 476 sed
398 431 579 487 quodam
596 427 774 485 publicae
797 426 982 468 officium
1005 434 1046 467 et
1069 440 1220 467 munus
1242 433 1304 467 cst
1325 426 1467 481 gratiae
1494 442 1503 468 τ
1533 437 1605 470 aut
1625 429 1659 471 si

310 518 391 559 qua
411 517 482 544 vos
500 500 582 542 mei
602 498 732 555 tangit
751 495 1038 538 misericordia
1054 497 1201 551 ‚quod
1218 497 1342 537 talem
1364 496 1534 539 fratrem
1561 500 1661 542 ami-

309 572 433 616 serim
448 604 459 620 ,
485 570 620 612 habeo
642 569 827 609 fructum
850 566 1024 606 uberem
1041 596 1050 613 ‚
1075 565 1212 606 habeo
1232 566 1354 606 vestri
1371 567 1521 623 pignus
1539 568 1660 611 affec-

308 653 387 687 tus.
415 642 580 685 Mallem
604 639 775 681 fratrem
797 637 1029 683 viventem
1064 634 1136 676 sed
1165 643 1303 676 tamen
1333 637 1549 692 publicum
1573 639 1660 682 offi-

309 714 422 757 cium
445 712 485 753 in
505 709 698 752 secundis
721 707 846 748 rebus
865 705 1094 762 jucundius
1112 713 1197 753 est,
1224 705 1264 745 in
1289 706 1468 747 adversis
1484 709 1655 764 gratius.

364 781 525 826 XXIX.
565 778 709 834 Neque
727 790 826 819 vero
844 774 946 817 mihi
967 775 1182 816 mediocre
1205 775 1403 818 meritum
1424 777 1528 819 tanti
1551 779 1659 821 vide-

304 860 373 895 tur
390 850 530 894 officii.
550 848 694 904 Neque
712 846 823 889 enim
839 845 989 887 ostiose
1005 846 1070 887 vel
1089 844 1129 886 in
1147 844 1322 887 Actibus
1341 845 1656 903 Apostolorum,

306 921 485 966 Thabita
522 919 711 962 mortua¹
735 950 745 966 ,
787 916 936 958 flentcs
974 916 1109 957 viduae
1148 915 1446 958 describuntur
1465 950 1475 966 ,
1519 920 1581 961 vel
1616 920 1658 962 in

305 991 531 1048 Evangelio
563 998 678 1032 mota
709 987 905 1044 lacrymis
936 986 1070 1027 viduae
1100 1000 1358 1042 prosequens
1389 988 1510 1030 turba
1533 989 1657 1032 funus

304 1059 580 1104 adolescentis
604 1056 842 1100 inducitur²
858 1089 869 1105 ‚
896 1056 963 1099 cui
987 1056 1239 1098 resurrectio
1263 1057 1519 1105 debebatur3
1545 1059 1657 1102 illam

304 1140 446 1175 tamen
464 1130 685 1173 Thabitam
709 1128 844 1170 viduae
861 1159 871 1174 ,
892 1127 1005 1168 huuc
1026 1134 1111 1167 tota
1132 1125 1274 1167 civitas
1294 1125 1422 1168 ssevit.
1449 1128 1540 1170 Non
1557 1144 1656 1187 ergo

305 1202 477 1245 dubium
520 1208 583 1242 est
619 1198 763 1241 vestris
807 1195 1004 1253 lacrymis
1031 1196 1328 1252 Apostolorum
1375 1198 1656 1254 patrocinium

303 1271 540 1329 comparari
565 1285 574 1313 ε
601 1285 709 1317 non,
735 1269 931 1324 inquam,
967 1266 1141 1308 dubium
1170 1275 1233 1308 est
1256 1266 1471 1310 Christum
1493 1270 1656 1312 miseri-

301 1343 444 1386 cordia
465 1350 649 1389 motum,
687 1354 786 1381 eum
810 1353 880 1380 vos
913 1336 1064 1378 flentes
1097 1337 1269 1379 videret.
1307 1337 1394 1379 Etsi
1425 1354 1536 1382 nunc
1571 1356 1655 1384 non

303 1413 438 1470 tetigit
462 1412 673 1459 loculum,
701 1408 885 1465 suscepit
908 1416 1049 1449 tamen
1071 1409 1414 1450 commendatum
1433 1411 1651 1467 spiritum:

300 1493 341 1526 ct
372 1483 405 1525 si
441 1498 527 1524 non
567 1479 790 1538 appellavit
826 1478 1014 1535 corporis
1053 1492 1157 1519 voce
1196 1478 1472 1528 defunctum3
1507 1480 1655 1524 divinae

271 1554 439 1597 ‘tamen
469 1550 685 1610 potestatis
720 1549 970 1591 auctoritate
1002 1562 1022 1588 a
1058 1547 1315 1589 cruciatibus
1347 1550 1522 1598 mortis,
1558 1560 1599 1593 et
1633 1566 1655 1593 a

296 1623 490 1681 nequitiae
513 1618 1038 1680 spiritalisincursionibus
1056 1617 1147 1674 ejus
1167 1617 1346 1660 animam
1365 1619 1558 1662 liberavit
1581 1636 1589 1662 :
1613 1630 1654 1664 et

298 1696 329 1738 si
354 1710 437 1737 non
458 1692 612 1735 resedit
636 1691 676 1733 in
699 1691 864 1738 loculo,
890 1689 961 1746 qui
985 1697 1075 1730 erat
1094 1696 1308 1736 mor-tuns3
1332 1697 1472 1730 tamen
1491 1691 1654 1746 requic-

296 1767 354 1810 vit
372 1767 412 1808 in
432 1765 600 1807 Christo
626 1779 635 1805 ι
659 1771 699 1804 et
724 1761 757 1803 si
785 1775 867 1803 non
891 1761 1059 1802 locutus
1082 1767 1143 1801 est
1168 1759 1308 1807 nobis;
1335 1768 1476 1802 tamen
1494 1777 1541 1803 ea
1561 1778 1653 1819 quae

295 1851 419 1894 supra
446 1850 521 1877 nos
547 1840 669 1881 sunt,
697 1831 833 1874 cernit
859 1846 868 1870 τ
897 1838 939 1871 ct
970 1845 1062 1886 quae
1087 1829 1249 1886 potiora
1273 1839 1369 1871 sunt
1391 1832 1536 1881 nobis,
1565 1832 1652 1889 jam

295 1923 338 1949 so
361 1907 503 1948 videre
524 1906 702 1947 laetatur.
724 1902 802 1943 Per
820 1915 867 1942 ea
888 1899 1002 1941 enim
1025 1915 1115 1955 quae
1140 1900 1180 1940 in
1205 1899 1430 1956 Evangelio
1449 1902 1649 1959 legimus,

293 1993 383 2035 quae
402 1978 541 2019 futura
563 1982 660 2016 sunt
682 1971 954 2028 intelligimus
974 1985 983 2011 :
1007 1979 1048 2012 ct
1070 1971 1340 2026 praesentium
1365 1972 1524 2027 species
1545 1973 1652 2016 indi-

295 2048 413 2091 cium
435 2055 498 2089 est
525 2046 780 2087 futurorum.

352 2118 495 2162 XXX.
534 2116 626 2159 Non
663 2129 766 2171 opus
803 2112 881 2154 fuit
918 2111 955 2154 ei
993 2110 1244 2153 resurrectio
1276 2113 1517 2168 temporalis
1535 2147 1546 2163 ‚
1582 2115 1650 2157 cui

297 2198 450 2232 retorna
479 2187 669 2229 debetur.
700 2183 815 2235 Quid
847 2182 958 2224 enim
996 2182 1036 2223 in
1068 2182 1176 2223 hanc
1206 2181 1400 2224 miseram
1429 2193 1470 2225 et
1495 2199 1648 2227 aerum-

299 2258 560 2302 nosissimam
583 2254 793 2297 recideret
813 2253 972 2299 lahem,
993 2260 1117 2307 atque
1134 2251 1176 2292 in
1192 2250 1300 2292 hanc
1322 2253 1504 2295 flebilem
1522 2255 1649 2299 vitam

296 2329 475 2377 rediret,
511 2341 636 2384 quem
670 2332 837 2381 raptum
863 2322 993 2379 magis
1023 2336 1112 2363 esse
1138 2336 1188 2362 ex
1218 2329 1301 2363 tam
1333 2323 1649 2367 imminentibus

296 2399 415 2443 malis
429 2431 440 2448 ,
468 2395 797 2454 urgentibusque
815 2391 1012 2450 periculis
1029 2393 1213 2448 gaudere
1237 2392 1441 2436 debemus
1455 2396 1471 2436 P
1495 2395 1598 2438 Nam
1615 2397 1648 2439 si

295 2477 444 2530 pacato
462 2467 636 2514 saeculo,
655 2464 860 2519 bellisque
878 2451 1153 2511 cessantibus,
1173 2470 1340 2519 raptum
1357 2463 1504 2507 Enoch
1524 2480 1648 2510 nemo

341 2570 349 2584 ¹
371 2557 578 2601 Act.1x,59.
598 2573 637 2582 —
656 2563 668 2578 ²
689 2555 769 2587 Luc.
786 2563 843 2591 vn,
864 2563 914 2586 η.
