1774 3158
509 310 788 340 mus-romanum
821 310 978 340 ctAss1s
1011 313 1038 340 1.
1372 302 1454 359 457

112 391 272 433 »cavi¹.
297 389 466 448 »Regali
488 390 600 432 enim
623 389 824 432 subnixus
846 389 1011 447 fastigio
1028 422 1038 438 ,
1069 390 1185 447 quasi
1208 392 1345 449 legum
1370 392 1457 435 Do-

109 461 246 502 minus
269 461 431 516 legibus
448 475 543 501 reus
562 474 642 501 non
659 466 764 506 erat,
785 458 859 499 soli
879 459 964 500 Deo
988 459 1192 501 obnoxius
1215 462 1452 510 tenebatur,

108 531 177 586 qui
201 530 403 571 Dominus
423 538 485 570 est
512 535 780 585 potestatum.

165 598 343 641 XXVII.
381 598 520 641 Alium
541 599 636 640 audi
654 598 832 639 liberum
854 612 896 637 :a
913 598 1013 639 Mihi
1032 608 1170 642 autem
1190 615 1265 658 pro
1280 602 1454 643 minimo

106 690 121 707 »
137 677 214 717 est,
236 677 282 710 ut
305 683 324 709 a
347 668 463 709 vobis
487 668 710 723 dijudicor,
735 676 805 708 aut
829 668 880 709 ab
905 668 1091 710 humano
1116 671 1181 712 die
1200 687 1208 712 :
1225 672 1294 713 sod
1318 687 1455 728 nequo

108 757 123 778 ι)
137 739 356 796 meipsum
376 738 584 793 dijudico:
605 738 708 779 nihil
727 738 840 779 enim
859 737 960 780 mihi
979 754 1071 781 sum
1089 741 1354 784 conscius....
1384 742 1455 798 qui

107 818 276 850 »autem
302 808 507 863 dijudicat
533 823 617 855 me,
648 809 858 854 Dominus
886 808 991 851 est².
1021 827 1037 848 »
1061 809 1166 852 Vera
1189 811 1359 854 libertas
1384 812 1456 854 ho·

106 879 229 920 minis
242 879 453 935 spiritalis,
474 879 570 934 quia
588 877 793 933 dijudicat
812 879 969 926 omnia.
990 879 1078 935 ipse
1097 888 1233 922 autem
1249 896 1268 922 a
1283 882 1451 923 nemine

106 948 378 1004 dijudicatur.
398 963 476 990 nec
498 963 518 989 a
537 962 808 1004 quocumque
826 957 1030 990 creaturae
1049 950 1271 1007 participe,
1291 952 1362 992 sed
1379 951 1455 992 soli

105 1019 193 1060 Deo
225 1035 268 1060 se
296 1018 512 1061 subditum
545 1018 706 1067 novit³‚
739 1019 808 1075 qui
837 1021 950 1062 solus
978 1021 1065 1062 sine
1093 1030 1270 1078 peccato
1300 1031 1378 1068 est,
1405 1023 1456 1064 do

105 1103 188 1144 quo
216 1089 317 1130 dicit
346 1088 491 1130 John<
511 1088 623 1130 Vivit
652 1089 885 1137 Dominus,
917 1091 988 1145 qui
1018 1090 1075 1132 sic
1104 1106 1170 1132 me
1200 1091 1408 1146 judicat⁵;
1429 1113 1444 1130 »

105 1159 216 1199 solus
235 1160 346 1199 enim
371 1159 439 1199 illo
461 1167 596 1215 potest
618 1158 808 1214 judicare
828 1159 1005 1215 justum,
1028 1160 1148 1215 cujus
1167 1161 1205 1201 in
1228 1170 1457 1218 conspectu

105 1228 258 1268 coelum
279 1242 363 1268 non
385 1236 447 1269 ost
468 1227 694 1276 mundum,
719 1242 798 1269 nec
826 1230 1042 1270 stellarum
1064 1245 1166 1286 pura
1188 1238 1229 1272 et
1256 1232 1366 1272 clara
1390 1232 1456 1272 lu-

105 1298 231 1339 mina.

160 1367 355 1410 XXVIII.
394 1368 498 1421 Quis
515 1378 577 1410 est
594 1369 663 1425 qui
682 1369 919 1426 Sophoclea
939 1370 1062 1428 (155)
1083 1371 1122 1412 in
1143 1372 1329 1413 medium
1350 1372 1454 1414 forat

105 1439 290 1480 carmina
314 1439 494 1480 dicentia
518 1439 716 1496 :Jupiter
734 1440 836 1481 mihi
859 1449 1026 1496 praeost,
1049 1441 1187 1482 nullus
1217 1451 1356 1483 autem
1379 1441 1459 1483 ho·

104 1508 299 1549 minum?
323 1509 492 1559 Quanto
516 1509 728 1565 antiquior
758 1509 856 1557 Job,
882 1517 1039 1564 quanto
1063 1510 1264 1551 vetustior
1291 1511 1457 1552 David?

104 1580 343 1636 Agnoscam
365 1594 463 1636 ergo
495 1579 546 1621 de
578 1579 732 1622 nostris
761 1595 803 1621 se
827 1580 998 1627 habere,
1029 1595 1306 1637 quaecumquo
1336 1596 1455 1637 praes-

105 1651 282 1692 tantiora
307 1651 438 1691 locuti
461 1658 570 1692 sunt.

162 1722 325 1763 XXIX.
363 1721 466 1772 Quis
499 1721 625 1777 igitur
655 1720 836 1776 sapiens,
865 1720 944 1761 nisi
969 1720 1039 1776 qui
1070 1722 1121 1762 ad
1153 1721 1237 1776 ipsa
1267 1721 1458 1777 pervenit

105 1791 331 1832 divinitatis
366 1799 551 1838 secreta,
583 1799 624 1832 et
656 1790 917 1831 manifestata
952 1790 1030 1831 sibi
1060 1790 1255 1846 cognovit
1290 1792 1455 1831 occulta

103 1861 344 1918 sapientiae?
368 1862 489 1902 Solus
518 1861 643 1918 igitur
666 1861 846 1917 sapiens,
872 1860 943 1916 qui
967 1862 1075 1901 duce
1099 1861 1187 1902 Deo
1206 1875 1304 1901 usus
1325 1861 1454 1902 estad

103 1931 395 1988 cognoscenda
415 1932 599 1973 veritatis
616 1931 786 1977 cubilia,
800 1939 843 1972 et
861 1930 1047 1972 mortalis
1063 1931 1190 1972 homo
1209 1930 1455 1972 immortalis

102 2001 177 2044 Dei
201 2002 332 2043 haeros
358 2010 399 2042 et
421 2015 641 2043 successor
662 2010 725 2042 ost
746 2001 881 2042 sactus
905 2016 980 2057 per
1000 2001 1195 2057 gratiam,
1219 2008 1259 2042 et
1282 2000 1451 2056 quidam

102 2071 378 2127 jucunditatis
416 2071 648 2128 particeps,
689 2071 797 2113 sicut
829 2071 1032 2128 scriptum
1066 2079 1128 2112 est
1155 2084 1164 2111 ε
1191 2070 1454 2126 «Propterea

103 2142 250 2183 »unxit
275 2150 313 2183 le
339 2141 451 2183 Deus
468 2173 477 2188 ‚
509 2141 624 2184 Dens
656 2149 752 2182 tuus
782 2142 875 2182 oleo
908 2140 1059 2182 laetiiiae
1080 2155 1165 2197 prae
1188 2139 1452 2182 consortibus

102 2229 118 2250 ι)
133 2211 258 2253 tuis⁵.
283 2229 298 2249 a

160 2282 303 2326 XXX.
343 2283 384 2324 Si
409 2283 500 2339 quis
526 2283 652 2340 igitur
672 2281 843 2339 propius
868 2297 914 2324 ea
936 2280 1198 2337 introspiciat
1218 2294 1358 2321 rerum
1383 2295 1455 2323 ne-

102 2354 230 2410 gotia,
256 2361 485 2410 cognoscet
506 2361 660 2409 quanta
684 2353 860 2410 sapienti
886 2351 1148 2406 adjumenta,
1170 2359 1210 2392 et
1233 2359 1388 2408 quanta
1412 2351 1453 2392 in

103 2423 200 2480 ipsis
227 2424 438 2481 insipienti
461 2423 634 2480 refragia
657 2424 765 2471 sint3
794 2424 908 2479 quod
938 2422 1037 2463 huic
1063 2421 1308 2477 adjumento
1325 2421 1455 2462 libor-

104 2503 179 2544 tas‚
207 2495 265 2537 illi
296 2494 599 2552 impedimento
631 2493 806 2536 servitus
832 2493 896 2536 sit.
930 2492 1115 2550 Insurgit
1145 2492 1258 2534 enim
1291 2490 1454 2548 sapiens

149 2608 158 2622 ¹
179 2598 259 2630 psat.
278 2609 305 2633 ι,
325 2599 357 2630 6.
376 2615 415 2623 -
438 2607 451 2621 ·
474 2608 486 2630 t
504 2597 583 2630 Cor.
606 2607 648 2636 iv,
671 2598 699 2633 3,
716 2598 749 2636 4.
766 2616 804 2622 -
829 2596 910 2630 ³1d.
935 2607 972 2633 ιι,
993 2597 1040 2628 15.
1057 2612 1098 2621 --
1124 2595 1138 2622 ὅ
1153 2593 1231 2627 Job.
1248 2604 1349 2629 xxvii,
1366 2605 1396 2626 2.
1414 2612 1454 2619 -

105 2656 118 2677 ί
133 2653 217 2686 Psai.
238 2663 321 2692 niv,
340 2654 371 2685 8.
