1774 3158
333 259 389 303 90
879 261 911 290 s.
949 261 1141 292 annuosu

333 339 474 397 igitur,
507 337 718 390 Ecclesia,
747 348 789 384 et
808 339 912 385 ssetu
937 357 1053 400 genae
1079 351 1161 385 tuae
1190 342 1303 385 velut
1323 340 1551 387 fluentibus
1583 342 1677 402 qui-

332 410 508 452 busdam
531 410 748 453 stillicidiis
769 412 934 469 pietatis
952 415 1180 455 exundant.
1208 413 1312 465 Quae
1334 422 1432 456 suut
1454 414 1540 456 istae
1563 427 1678 471 genae

329 479 559 522 Ecclesiae?
579 481 642 524 De
665 482 814 538 quibus
838 481 935 524 alibi
954 483 1009 524 ait
1026 484 1240 540 Scriptura
1265 498 1278 524 ,⁴
1300 502 1314 522 (ι
1336 485 1385 525 Ut
1404 484 1564 526 corium
1587 500 1677 527 ma-

329 550 495 592 »lorum
521 559 789 608 granatorum
817 568 932 610 genae
963 553 1084 595 tuae1.
1109 572 1123 591 »
1147 554 1238 595 Istae
1260 563 1357 596 sunt
1380 569 1494 611 genae
1517 555 1557 595 in
1583 554 1677 611 qui-

329 619 407 661 bus
448 621 552 662 solet
593 622 726 663 nitere
767 622 1044 671 verecundia,
1093 623 1366 679 pulchritudo
1397 623 1555 681 fulgere
1588 638 1597 664 ε
1634 623 1677 666 in

329 689 479 745 quibus
504 699 575 732 aut
600 691 676 734 ssos
708 692 891 748 juventae
919 693 1027 749 (29),
1053 701 1123 734 aut
1147 693 1343 750 perfectae
1363 693 1492 735 aetatis
1516 693 1676 750 insigne

329 769 403 801 est.
445 762 492 802 Iu
522 761 639 803 obitu
670 762 795 819 igitur
816 762 1004 805 fidelium
1039 763 1338 820 imperatorum
1372 764 1542 821 quidam
1578 762 1676 806 fidei

328 832 479 887 pudor,
499 833 690 889 quaedam
713 834 909 876 Ecclesiae
925 835 1176 877 verecundia
1194 844 1257 877 est
1275 851 1284 877 z
1304 844 1345 877 et
1366 835 1407 877 in
1429 844 1513 877 tam
1532 835 1675 877 imma-

329 909 420 943 tura
448 911 584 944 morte
610 902 777 959 piorum
819 905 1057 962 principum
1092 905 1226 946 omnis
1260 905 1458 948 Ecclesiae
1489 904 1677 947 moestior

330 972 603 1027 pulchritudo
621 982 696 1016 est.

386 1041 472 1083 VII.
515 1042 653 1085 Plorat
679 1044 866 1086 Ecclesia
888 1044 930 1086 in
952 1045 1209 1101 sapientibus
1234 1046 1341 1094 suis,
1371 1045 1442 1102 qui
1471 1046 1583 1086 velut
1606 1058 1680 1087 ca-

329 1119 406 1167 put
424 1111 621 1154 Ecclesiae
638 1123 758 1156 sunt:
780 1132 792 1152 κ
805 1114 929 1157 Oculi
946 1115 1058 1157 enim
1075 1116 1270 1172 sapientis
1287 1116 1327 1157 in
1346 1116 1483 1172 capite
1505 1115 1541 1171 ej
1551 1114 1636 1157 us².
1653 1133 1668 1154 n

328 1180 470 1223 Plorat
489 1182 528 1223 in
552 1184 707 1233 oculis,
733 1184 816 1226 hoc
840 1193 924 1232 est,
949 1185 992 1226 in
1011 1185 1094 1227 suis
1112 1185 1333 1234 fidelibus3
1352 1185 1446 1241 quia
1475 1185 1679 1241 scriptum

329 1258 391 1291 est
421 1265 430 1291 t
465 1251 632 1294 «Oculi
670 1253 729 1295 tui
766 1254 876 1297 sicut
917 1256 1123 1297 columbae
1147 1288 1156 1303 ‚
1199 1264 1314 1297 extra
1352 1255 1680 1297 taciturnitatem

329 1320 527 1370 »tnam³;
554 1341 568 1361 »
594 1339 643 1364 eo
672 1324 786 1380 quod
817 1325 984 1367 videant
1017 1326 1272 1382 spiritaliter,
1304 1334 1344 1367 et
1378 1325 1566 1366 noverint
1601 1339 1675 1371 ea;

328 1405 419 1446 quae
439 1391 633 1441 viderint,
658 1402 796 1435 tacere
814 1396 1025 1451 mysteria.
1053 1396 1186 1437 Plorat
1211 1397 1250 1436 iu
1272 1396 1559 1437 sacerdotibus
1577 1395 1677 1443 suis,

327 1461 398 1517 qui
421 1470 518 1503 sunt
540 1462 649 1505 sicut
671 1479 785 1520 genae
809 1465 1006 1507 Ecclesiae
1021 1498 1030 1514 ,
1053 1466 1093 1507 in
1113 1467 1262 1522 quibus
1283 1475 1344 1507 est
1370 1466 1498 1507 barba
1519 1465 1676 1513 Aaron,

329 1529 410 1571 hoc
430 1540 512 1579 est,
534 1532 662 1573 barba
690 1535 982 1576 sacerdotalis:
1006 1535 1045 1575 iu
1074 1550 1198 1591 quam
1225 1537 1274 1576 de
1303 1535 1438 1592 capite
1463 1534 1681 1576 descendit

331 1609 594 1657 unguentum
610 1603 642 1645 Δ.
664 1604 733 1644 Isti
751 1613 847 1645 suut
865 1605 905 1645 in
925 1606 1075 1661 quibus
1095 1614 1157 1647 est
1174 1605 1446 1662 pulchritudo
1464 1604 1676 1651 Ecclesiae,

329 1669 368 1710 in
393 1673 544 1727 quibus
569 1674 646 1715 ssos
673 1674 762 1730 ejus
785 1675 952 1732 gratior,
982 1676 1022 1716 iu
1045 1677 1196 1732 quibus
1220 1685 1316 1717 aetas
1335 1675 1558 1733 perfectior
1580 1690 1588 1715 ;
1610 1673 1679 1730 qui

331 1742 443 1782 velut
466 1745 644 1785 cortices
673 1746 881 1786 malorum
908 1746 1159 1802 punicorum
1186 1747 1380 1787 decorem
1413 1745 1509 1786 soris
1533 1744 1680 1801 prael'e-

330 1819 424 1852 rant
454 1812 701 1855 abstinentia
738 1815 970 1872 corporali,
1001 1815 1111 1856 intus
1146 1824 1281 1856 autem
1309 1816 1573 1857 commissam
1601 1814 1680 1856 sibi

328 1881 495 1936 plebem
519 1883 690 1924 diversae
711 1885 842 1925 aetatis
866 1894 907 1926 et
928 1900 1047 1926 sexus
1070 1885 1236 1926 foveant
1254 1886 1452 1941 sapientia
1477 1885 1676 1941 spiritali;

329 1951 484 2007 objecti
504 1954 672 2008 quidem
696 1956 849 1997 saeculo
874 1956 926 1997 ad
959 1955 1152 2011 injurias,
1186 1957 1257 1996 sed
1291 1956 1451 1997 interna
1481 1956 1681 2011 mysteria

329 2021 572 2064 dividentes.
601 2024 741 2066 Plorat
760 2025 799 2065 in
821 2026 1050 2082 virginibus
1076 2027 1158 2067 suis
1174 2057 1184 2073 ,
1211 2041 1300 2081 quae
1324 2034 1420 2066 sunt
1442 2026 1551 2067 sicut
1573 2026 1678 2073 lilia,

329 2099 370 2133 et
395 2092 479 2134 lilia
510 2093 679 2150 myrrha
712 2096 858 2151 plena,
881 2097 1108 2138 candorem
1139 2097 1384 2153 integritatis
1402 2128 1411 2144 ,
1437 2105 1479 2138 et
1501 2095 1681 2137 mortifi-

329 2170 434 2203 catae
463 2163 690 2220 corporalis
710 2164 917 2207 illecebrae
939 2166 1113 2223 gloriam
1132 2166 1410 2224 praeferentes.

392 2230 502 2273 VIII.
539 2232 586 2273 In
622 2232 686 2275 his
719 2249 818 2291 ergo
850 2234 944 2287 sset,
967 2234 1075 2277 sicut
1102 2237 1305 2294 scriptum
1329 2245 1417 2279 est:
1440 2254 1455 2274 (ι
1473 2236 1558 2279 Viae
1580 2235 1680 2278 Sion

336 2300 530 2357 »lugent,
562 2303 801 2346 sacerdotes
830 2304 921 2360 ejus
952 2305 1257 2362 ingemiscunt,
1282 2306 1460 2363 virgines
1489 2305 1580 2361 ejus
1606 2305 1680 2346 ab-

335 2371 501 2413 »ductae
516 2403 527 2420 ‚
546 2380 586 2414 et
610 2372 697 2429 ipsa
714 2373 954 2432 indignatur
971 2375 1077 2418 intra
1098 2375 1180 2417 se⁵.
1208 2394 1222 2415 »
1244 2377 1297 2418 Et
1313 2376 1422 2418 intra
1444 2391 1486 2418 se
1510 2375 1679 2432 quidem

332 2439 589 2497 indignatur,
627 2443 678 2484 ad
710 2444 1046 2487 Valentinianum
1081 2454 1221 2488 autem
1255 2446 1384 2488 dicit:
1418 2464 1433 2484 α
1457 2446 1678 2488 Assumam

378 2538 386 2552 ¹
414 2531 515 2566 Cant·
532 2543 580 2570 vi,
597 2533 630 2564 6.
647 2550 687 2559 -
706 2545 722 2569 2
741 2535 845 2568 Eccle.
864 2547 903 2574 ιι,
929 2536 978 2574 14.
996 2554 1036 2560 -—
1055 2537 1068 2559 ³
1085 2536 1179 2568 Cant.
1197 2547 1242 2576 iv,
1274 2548 1298 2569 1.
1318 2555 1358 2561 -
1375 2536 1473 2570 ⁴Psal
1506 2546 1628 2573 cxxxii,
1646 2547 1677 2568 2.

331 2600 373 2608 —
392 2585 404 2607 ὅ
422 2584 543 2617 Thren.
560 2598 584 2625 1,
602 2587 635 2624 4.
