1774 3158
294 197 374 238 288
840 210 871 236 s,
912 209 1103 257 Annii-osu

291 295 332 327 et
349 287 574 327 admonere
597 294 636 327 te
660 286 804 334 debet,
831 286 1188 343 quemadmodum
1217 301 1321 328 verae
1344 286 1441 329 fidei
1476 287 1645 331 studere

291 355 468 402 debeas3
493 357 662 412 quando
688 355 756 397 ille
781 361 894 398 tanto
915 366 1031 398 motu
1051 357 1136 397 veri
1160 372 1265 398 vana
1291 357 1492 399 defendit.
1519 357 1647 400 Defe-

291 427 471 467 reudum
503 426 661 467 meritis
696 428 904 470 clarorum
937 427 1123 468 virorum
1153 436 1194 469 et
1228 442 1305 484 ego
1343 427 1500 470 suadeo
1527 443 1536 469 ε
1576 429 1648 470 sed

290 496 425 538 Deum
449 505 611 538 certum
632 505 694 538 est
716 497 912 539 omnibus
931 497 1256 554 praeferendum.

351 566 439 608 VII.
477 565 520 607 Si
543 568 594 608 de
616 582 661 608 re
683 567 851 609 militari
878 577 940 609 cst
972 568 1301 616 consulendum,
1333 569 1460 612 debet
1492 570 1649 612 exerci-

296 637 368 679 tati
390 637 433 678 in
455 637 604 693 praeliis
626 638 701 679 viri
723 639 933 695 expectari
960 639 1164 680 sententia
1183 672 1194 687 ‚
1213 639 1434 681 consilium
1453 655 1651 697 compro-

293 707 384 748 bari
413 721 422 748 t
452 707 619 763 quando
647 708 698 749 de
728 708 930 765 religione
965 716 1168 750 tractatus
1203 717 1285 757 est,
1321 709 1455 751 Deum
1495 710 1645 768 cogita.

294 777 455 820 Nullius
473 776 626 833 injuria
645 786 723 826 est,
744 779 812 820 cui
834 779 945 820 Deus
964 779 1229 835 omnipotens
1248 780 1492 822 autefertur.
1513 781 1652 823 Habet

295 846 364 889 ille
391 847 640 889 sententiam
664 863 793 890 suam.
832 850 1013 890 Invitum
1042 863 1127 891 nou
1157 850 1302 906 cogitis
1335 852 1475 903 colere
1495 883 1505 900 ,
1538 853 1652 907 quod

295 918 424 965 nolit3
451 917 529 958 hoc
555 917 665 959 idem
689 919 806 960 vobis
842 919 987 967 liccat,
1017 919 1268 977 Imperator,
1296 928 1336 962 et
1362 921 1652 978 unusquisque

296 987 503 1043 patienter
529 987 657 1034 ferat,
686 988 718 1028 si
749 1002 832 1029 non
865 997 1111 1045 extorqueat
1134 989 1398 1046 imperatori,
1424 992 1537 1046 quod
1559 1006 1653 1032 mo-
1702 1012 1705 1013 ⁷

294 1058 397 1099 leste
440 1056 591 1104 ferret,
626 1056 656 1098 si
689 1058 725 1098 ci
762 1067 1011 1114 extorquere
1055 1067 1228 1115 cuperet
1268 1059 1506 1116 imperator.
1550 1061 1652 1118 Ipsis

295 1126 519 1184 gentilibus
558 1127 779 1183 displicere
823 1128 1039 1170 consuevit
1090 1129 1402 1185 praevaricantis
1450 1130 1649 1179 affectus3

288 1197 420 1239 libere
453 1197 564 1238 enim
597 1198 721 1239 debet
746 1197 971 1240 defendere
1007 1213 1115 1241 unus
1150 1200 1328 1256 quisque
1351 1198 1478 1242 fidele
1501 1201 1653 1243 mentis

297 1282 380 1310 suae
398 1275 439 1309 et
460 1282 624 1309 servare
648 1269 926 1324 propositum.

355 1337 463 1381 VIII.
503 1339 628 1388 Quod
652 1337 684 1378 si
712 1338 837 1394 aliqui
865 1339 1035 1380 nomine
1057 1339 1273 1382 christiani
1303 1341 1382 1382 tale
1409 1340 1567 1397 aliquid
1585 1341 1655 1384 (le-

297 1411 557 1454 cernendum
595 1419 764 1467 putant,
799 1419 985 1452 mentem
1019 1421 1134 1452 tuam
1173 1411 1376 1453 vocabula
1419 1413 1530 1454 nuda
1572 1427 1656 1453 non

299 1483 489 1539 capiant,
517 1482 687 1533 nomina
713 1496 826 1523 cassa
857 1496 942 1522 nou
963 1481 1120 1523 fallant.
1149 1482 1349 1538 Quisquis
1373 1482 1455 1524 hoc
1482 1483 1654 1531 suadet,

300 1551 532 1600 sacrificat,
559 1560 599 1593 et
618 1551 806 1608 quisquis
829 1551 910 1593 hoc
937 1552 1080 1593 statuit
1102 1566 1110 1592 :
1140 1552 1400 1593 tolerabilius
1430 1560 1569 1594 tamen
1596 1560 1658 1594 est

297 1624 421 1665 unius
444 1622 716 1670 sacrificium,
741 1637 866 1678 quam
891 1623 1031 1679 lapsus
1054 1622 1258 1664 omnium.
1277 1622 1407 1664 Totus
1429 1621 1498 1664 hic
1518 1622 1657 1665 Chris-

300 1696 510 1738 tianorum
531 1694 793 1751 periclitatur
813 1702 995 1735 senatus.

358 1765 433 1808 IX.
470 1765 512 1807 Si
542 1764 667 1806 hodie
703 1764 867 1821 gentilis
904 1763 1091 1821 aliquisg⁸
1113 1765 1365 1821 Imperator,
1387 1765 1501 1821 quod
1525 1764 1657 1813 absit,

298 1852 410 1880 aram
433 1844 633 1878 statueret
657 1835 891 1877 simulacris
906 1868 916 1883 ,
941 1843 983 1876 et
1006 1849 1055 1877 eo
1075 1834 1301 1877 convenire
1325 1843 1494 1892 cogeret
1518 1834 1659 1876 Chris-

299 1908 459 1956 tianos,·
482 1915 526 1948 ut
549 1904 883 1947 sacrificantibus
904 1905 1230 1954 interessent,ut
1244 1906 1438 1962 oppleret
1450 1904 1660 1946 anhelitus

297 1987 339 2021 et
355 1994 427 2020 ora
445 1977 634 2020 fidelium
657 1977 760 2018 cinis
779 1991 829 2018 ex
846 1991 930 2025 ara,
959 1976 1094 2017 favilla
1115 1977 1164 2018 de
1184 1976 1423 2032 sacrilegio,
1447 1975 1588 2017 sumus
1610 1989 1662 2016 ex

296 2049 420 2090 busto
443 2063 452 2089 :
476 2056 518 2090 et
545 2048 586 2089 in
612 2062 659 2089 ea
693 2047 808 2095 curia
842 2038 1092 2088 sententiain
1122 2045 1305 2094 diceret,
1341 2046 1412 2086 ubi
1442 2045 1570 2102 jurati
1607 2046 1659 2087 ad

301 2134 414 2160 aram
437 2117 651 2159 simulacri
669 2117 708 2158 in
735 2105 985 2158 seri‘tentiam
1007 2124 1259 2173 cogerentur
1281 2117 1523 2173 (propterea
1547 2116 1660 2158 enim

296 2189 629 2246 interpretantur
654 2203 766 2229 aran]
794 2189 975 2230 locatam
990 2220 1000 2236 ‚
1022 2196 1066 2229 ut
1088 2187 1178 2242 ejus
1201 2196 1466 2228 sacramento
1481 2220 1492 2236 ,
1517 2196 1562 2228 ut
1584 2186 1661 2244 ipsi

297 2268 474 2318 putant,
502 2259 792 2315 unusquisque
827 2266 1061 2300 conventus
1101 2259 1341 2299 consuleret
1370 2257 1410 2298 in
1443 2257 1629 2299 medium
1651 2289 1661 2305 ,

301 2347 399 2375 cum
420 2331 579 2387 majore
601 2330 686 2387 jam
712 2329 827 2371 curia
847 2329 1183 2371 Christianorum
1207 2344 1388 2371 numero
1411 2329 1463 2371 sit
1479 2327 1656 2384 referta)

298 2402 638 2462 persecutionem
665 2415 754 2442 esse
790 2401 982 2442 crederet
1009 2399 1299 2447 Christianus,
1334 2399 1405 2455 qui
1439 2406 1663 2456 cogeretur

300 2475 370 2516 tali
389 2473 560 2532 optione
583 2473 635 2514 ad
653 2479 842 2514 senatum
867 2470 1008 2512 venire
1029 2484 1038 2511 :
1061 2470 1174 2527 quod
1192 2470 1241 2510 fit
1259 2470 1512 2526 plerumque
1530 2485 1540 2517 ;
1564 2483 1660 2509 nam

300 2552 341 2587 et
361 2531 523 2602 injuriis
543 2542 769 2586 convenire
787 2549 1009 2599 coguntur.
1034 2541 1093 2584 Te
1109 2555 1209 2598 ergo
1228 2540 1500 2598 imperatore,
1524 2537 1664 2582 Chris-
