1774 3158
288 198 371 248 354
834 209 866 235 s.
907 208 1099 236 AMBROSII

283 289 402 332 culi?
439 286 621 329 «Audite
643 300 733 333 me,
761 285 922 342 inquit,
948 287 1125 343 populus
1153 301 1293 334 meus,
1311 303 1325 325 n
1377 285 1478 327 dicit
1499 284 1640 327 Domi-

283 375 372 401 nus.
404 358 495 401 Non
520 356 651 398 dicit:
678 356 857 404 Audite,
885 364 1042 413 gentes.
1079 355 1172 398 Non
1201 356 1304 397 dicit
1332 371 1341 396 :
1366 355 1537 402 Audite,
1558 354 1638 396 Ju-

287 430 377 472 daei.
403 429 497 471 Jam
520 428 632 469 enim
653 428 832 484 populus
865 426 940 468 Dei
979 426 1050 482 qui
1086 427 1246 475 suerat,
1282 427 1461 484 populus
1482 425 1638 467 erroris

285 509 347 544 est
368 500 501 542 sactus
528 515 536 541 :
561 507 602 540 et
624 498 694 554 qui
721 500 901 555 populus
923 497 1076 540 erroris
1100 506 1214 546 erat,
1247 499 1429 554 populus
1452 496 1526 539 Dei
1551 511 1640 538 esse

288 571 440 629 coepit3
463 570 557 626 quia
581 569 622 610 in
647 569 860 610 Christum
888 568 1079 610 credidit.
1104 568 1186 609 Iste
1207 581 1306 623 ergo
1329 567 1508 623 populus
1531 565 1643 622 judi-

286 650 378 690 cat,
409 641 531 697 cujus
554 640 594 681 in
615 640 742 681 corde
761 640 826 681 lex
849 639 989 681 divina
1011 647 1098 687 est,
1123 653 1207 680 non
1230 638 1413 680 humana
1435 652 1445 678 ι
1469 639 1534 680 lex
1557 652 1641 679 non

287 719 522 754 atramento
551 710 732 767 scripta,
762 710 834 751 sed
867 708 1017 765 spiritu
1040 707 1117 750 Dei
1138 709 1217 750 vivi
1235 707 1248 730 ¹
1289 723 1298 749 z
1328 708 1471 750 nonin
1495 707 1642 749 charta

283 790 447 823 exarata
470 815 480 831 ‚
514 783 587 823 sed
610 782 651 822 in
676 781 805 822 corde
827 780 988 837 signata
1019 794 1029 821 ε
1060 781 1126 821 lex
1151 779 1292 836 gratiae
1310 811 1319 827 ,
1350 794 1434 820 non
1458 777 1637 820 cruoris.

285 852 391 903 Quis
414 852 540 909 igitur
562 851 678 892 vobis
702 850 900 906 injuriam
925 850 1023 892 sacit
1043 883 1053 898 ,
1078 851 1147 906 qui
1169 857 1336 892 recusat
1358 857 1535 891 vestram
1551 881 1561 897 ,
1589 862 1643 889 an

286 923 355 979 qui
380 922 494 978 eligit
524 920 813 963 audientiam?

343 992 506 1035 XXIX.
548 991 783 1033 Conclusus
808 989 994 1046 undique
1023 991 1074 1032 ad
1101 990 1326 1031 versutiam
1349 998 1515 1046 patrum
1550 1005 1644 1031 suo-

284 1077 380 1103 rum
413 1061 616 1117 confugit.
644 1062 704 1102 De
724 1061 977 1118 imperatore
1006 1062 1093 1102 vult
1122 1060 1319 1101 invidiam
1341 1075 1608 1101 commovere
1632 1093 1642 1110 ‚

286 1133 430 1174 dicens
453 1132 645 1188 judicare
670 1132 826 1173 debere
845 1132 1157 1173 adolescentem
1180 1131 1560 1178 catechumenum,
1585 1146 1646 1172 sa-

288 1219 368 1245 crae
391 1204 584 1245 lectionis
609 1202 803 1259 ignarum
820 1234 829 1250 ,
861 1211 902 1243 et
929 1202 969 1242 in
993 1202 1241 1243 consistorio
1269 1201 1470 1257 judicare.
1516 1200 1644 1252 Quasi

286 1290 386 1316 vero
405 1275 622 1330 superiore
646 1289 770 1320 ann0‚
792 1275 960 1329 quando
980 1274 1027 1315 ad
1044 1273 1245 1330 palatium
1263 1288 1353 1314 sum
1367 1273 1533 1330 petitus,
1547 1286 1644 1313 cum

289 1345 568 1402 praesentibus
606 1343 857 1400 primatibus
899 1351 993 1384 ante
1034 1342 1327 1384 consistorium
1363 1350 1615 1383 tractaretur
1632 1373 1643 1389 ,

289 1430 386 1457 cum
417 1416 646 1471 imperator
668 1414 884 1455 basilicam
916 1413 1040 1454 vella
1071 1413 1258 1469 eripere3
1295 1427 1372 1468 ego
1405 1421 1508 1454 tunc
1544 1412 1646 1453 aulae

286 1484 644 1540 contemplatione
683 1483 832 1539 regalis
866 1482 1067 1523 infractus
1100 1483 1176 1523 sim
1193 1515 1202 1530 ‚
1243 1481 1521 1523 constantiam
1562 1495 1646 1522 non

287 1554 496 1596 tenuerim
511 1553 758 1600 sacerdotis,
777 1562 847 1594 aut
860 1553 1081 1594 imminuto
1099 1552 1191 1608 jure
1207 1551 1647 1593 discesserim?Nonne

284 1623 576 1664 meminerunt
600 1625 714 1678 quod
738 1623 810 1664 ubi
840 1638 906 1663 me
930 1623 1127 1679 cognovit
1153 1624 1330 1679 populns
1351 1621 1552 1678 palatium
1577 1635 1646 1676 pc-

288 1694 412 1742 tissc‚
446 1695 500 1735 ita
525 1694 671 1741 irruit,
713 1702 758 1735 ut
796 1693 877 1735 vim
903 1693 994 1748 ejus
1018 1693 1126 1734 serre
1150 1708 1234 1734 non
1258 1701 1452 1750 possent;
1479 1691 1648 1747 quando

290 1766 436 1808 comiti
459 1765 630 1807 militari
653 1780 750 1807 cum
775 1764 979 1822 expeditis
1005 1766 1055 1806 ad
1082 1764 1306 1821 fugandam
1332 1762 1649 1804 multitudinem

291 1851 459 1893 egresso
481 1837 730 1877 obtulerunt
752 1851 898 1876 omnes
924 1851 966 1877 se
989 1835 1081 1876 neci
1103 1850 1176 1891 pro
1200 1833 1280 1875 fide
1300 1834 1452 1875 Christi
1469 1833 1486 1874 Ρ
1502 1834 1650 1876 Nonne

293 1917 395 1950 tunc
413 1916 580 1966 rogatus
597 1923 688 1949 sum
705 1942 714 1956 ‚
736 1916 781 1949 ut
800 1908 1003 1965 populum
1026 1909 1159 1949 multo
1177 1922 1371 1949 sermone
1388 1903 1651 1948 mulcerem?

291 1980 545 2036 sponderem
569 1977 695 2020 fidem
713 2012 723 2027 ,
758 1980 872 2035 quod
905 1979 1119 2021 basilicam
1144 1979 1341 2020 Ecclesiae
1374 1979 1514 2019 nullus
1540 1976 1651 2018 inva-

296 2048 444 2091 deret?
473 2049 524 2090 Et
555 2064 653 2090 cum
687 2064 763 2106 pro
786 2048 996 2091 beneficio
1017 2064 1157 2091 meum
1178 2049 1231 2090 sit
1254 2049 1440 2090 officium
1469 2047 1652 2105 postula-

297 2127 387 2160 tum
410 2135 419 2166 ;
443 2127 584 2160 tamen
605 2120 718 2175 quod
736 2120 916 2177 populns
935 2121 986 2161 ad
1007 2119 1208 2176 palatium
1233 2118 1440 2167 venisset,
1463 2117 1567 2160 mihi
1589 2117 1653 2159 in-

297 2190 409 2231 vidia
446 2198 659 2231 commota
689 2197 766 2231 est.
806 2190 853 2231 In
888 2190 998 2232 hanc
1035 2190 1161 2247 igitur
1186 2189 1385 2232 invidiam
1415 2204 1483 2232 me
1513 2189 1652 2231 redire

297 2259 550 2302 desiderant.

356 2328 501 2372 XXX.
527 2329 736 2372 Revocavi
748 2331 971 2388 populum,
989 2339 1030 2373 et
1044 2339 1184 2390 tamen
1202 2331 1399 2373 invidiam
1412 2346 1497 2372 non
1514 2329 1648 2374 evasi:

299 2414 425 2456 quam
454 2399 624 2456 quidem
649 2399 847 2442 invidiam
881 2416 959 2458 ego
990 2402 1307 2459 temperandam
1331 2401 1533 2451 arbitror,
1568 2417 1652 2443 non

300 2469 546 2511 timendam.
567 2469 682 2520 Quid
704 2470 816 2513 enim
838 2470 1061 2514 timeamus
1079 2486 1155 2530 pro
1174 2471 1328 2514 Christi
1352 2471 1555 2514 nomine?
1571 2471 1655 2516 Nisi

344 2569 351 2584 ¹
377 2571 393 2592 2
411 2560 487 2593 Cor.
510 2571 560 2598 ιιι,
574 2561 606 2593 3.
