1774 3158
295 239 346 267 DE
380 238 552 267 EXCESSU
588 236 760 265 1⁴·11A’rltts
792 238 854 265 sul
888 238 1054 273 SATnu,
1090 241 1166 268 Lm.
1208 242 1232 269 1.
1398 241 1444 283 17

98 314 318 356 consorte?
356 313 485 370 Cujus
517 327 593 370 ego
624 327 766 354 0050111
803 329 885 370 quo
919 325 1027 357 esset
1061 317 1331 365 tolerabilior,
1368 333 1446 359 nec

98 383 376 440 praemeditari
397 383 535 440 potni;
564 383 619 424 ita
643 383 820 439 pavebat
847 384 1007 426 animus
1033 387 1083 427 de
1102 387 1170 428 illo
1196 389 1276 429 tale
1295 388 1448 443 aliquid

101 454 309 511 cogitare!
338 468 422 496 non
454 469 536 509 quo
570 454 854 495 conditionem
882 454 1144 511 ignorarem,
1177 460 1249 499 sed
1280 458 1450 515 quidam

100 531 293 565 votorum
325 539 422 565 usus
455 538 624 564 sensum
659 524 895 565 communis
926 524 1159 581 fragilitatis
1190 527 1447 576 obduxerat;

100 601 147 634 nt
169 594 220 634 de
236 593 309 635 illo
327 593 404 634 nisi
425 594 608 635 secunda
626 594 766 635 omnia
784 594 967 651 cogitare
985 595 1205 637 nescirem.

159 662 358 706 XXXVI.
394 663 584 720 Denique
610 663 798 720 proxime
827 678 923 706 cum
952 665 1064 720 gravi
1095 668 1304 721 quodam,
1329 675 1453 724 atque

103 733 264 775 utinam
302 748 498 790 supremo
536 738 708 791 urgerer
739 749 914 783 occasu;
952 734 1032 776 1100
1069 735 1203 777 solum
1241 737 1452 788 dolebam,

104 804 218 860 quod
247 818 332 844 non
363 803 451 860 ipse
485 803 686 845 assideres
717 805 891 855 lectulo,
927 819 974 846 00
1005 805 1190 847 votivum
1226 806 1328 847 mihi
1361 822 1459 848 011111

105 882 247 917 sancta
276 888 419 915 sorore
446 874 622 931 partitus
653 874 866 923 officium,
898 874 1115 917 morientis
1146 876 1291 917 oculos
1322 875 1460 933 digitis

106 946 186 988 tuis
204 945 420 987 clauderes
449 944 528 1001 (0).
554 945 667 996 Quid
687 945 959 1002 optaveram?
984 945 1098 998 Quid
1121 946 1338 1002 rependo?
1357 947 1461 998 Quae

107 1025 199 1058 vota
217 1014 446 1057 deficiunt?
467 1015 571 1066 Quae
588 1015 819 1057 ministeria
835 1016 1097 1058 succedunt?
1115 1016 1241 1057 Aliud
1260 1031 1462 1073 praepara—

108 1088 221 1135 bam,
250 1087 360 1129 aliud
377 1086 576 1128 exhibere
593 1087 841 1143 compellor,
861 1102 944 1128 non
966 1087 1050 1143 jam
1076 1087 1162 1144 ipse
1185 1087 1463 1129 ministerium

108 1156 289 1210 funeris,
312 1157 383 1198 sed
405 1156 606 1198 minister.
639 1156 676 1198 O
700 1157 802 1198 dura
827 1157 1045 1198 oculorum
1068 1157 1250 1207 lumina,
1278 1173 1370 1215 quse
1394 1172 1467 1214 po·

111 1227 246 1269 tuistis
274 1227 446 1268 fratrem
479 1226 620 1267 videre
653 1227 926 1268 morientem!
960 1228 996 1269 Ο
1029 1227 1209 1269 immites
1239 1236 1277 1268 et
1309 1242 1464 1284 aspera:

103 1311 269 1345 manus,
299 1311 391 1352 quse
424 1295 630 1338 clausistis
663 1298 825 1344 oculos,
859 1296 900 1337 in
931 1296 1083 1352 quibus
1114 1298 1206 1354 plus
1241 1296 1461 1338 videbam!

106 1367 142 1409 Ο
169 1366 314 1409 durior
343 1366 498 1427 cervix,
524 1381 615 1423 quae
641 1374 721 1407 tam
746 1366 926 1423 lugubre
950 1381 1070 1415 onus,
1094 1366 1342 1409 consolabili
1365 1367 1466 1410 licet

106 1437 323 1493 obsequio,
345 1446 507 1494 gestare
529 1437 702 1494 potuisti
725 1431 788 1493 (7)
811 1438 819 1476 ἔ

163 1507 383 1551 XXXVII.
421 1507 520 1550 Haec
551 1517 609 1555 tu,
636 1507 779 1556 frater,
808 1507 910 1549 mihi
932 1507 1083 1563 justius
1107 1507 1339 1550 exhiberes.
1367 1508 1466 1550 llaec

107 1593 182 1635 ego
208 1593 228 1619 a
256 1586 298 1620 te
319 1578 610 1635 expectabam,
639 1577 727 1619 haee
752 1592 829 1634 ego
853 1577 990 1620 officia
1013 1578 1316 1620 desiderabam.
1345 1578 1466 1620 Nunc

107 1663 205 1691 vero
232 1648 318 1705 ipse
347 1663 450 1690 mea>
475 1647 567 1690 vitae
596 1656 828 1705 superstes,
855 1649 970 1704 quod
991 1649 1078 1690 sine
1102 1657 1142 1690 te
1170 1648 1363 1690 solatium
1388 1663 1460 1689 ca-

107 1719 234 1775 piam,
259 1718 330 1774 qui
356 1719 467 1760 solus
495 1726 747 1760 moerentem
780 1718 902 1760 solari
937 1718 1115 1767 solebas,
1143 1719 1326 1760 excitare
1357 1718 1465 1759 lacti-

108 1790 223 1839 tiam,
258 1790 589 1831 moestitudinem
625 1789 902 1846 propulsare?
937 1789 1116 1840 Qualem
1150 1797 1189 1831 10
1221 1803 1336 1830 nunc
1369 1804 1462 1846 ego,

107 1861 250 1909 frater,
267 1859 441 1917 aspicio,
461 1860 544 1915 jam
567 1861 679 1901 nulla
696 1859 799 1901 mihi
814 1860 940 1901 verba
957 1859 1227 1907 referentem,
1247 1859 1330 1915 jam
1350 1861 1464 1900 nulla

110 1929 356 1972 offerentem
380 1929 553 1972 oscula?
576 1929 829 1985 Quanquam
851 1929 907 1971 ita
926 1937 1096 1970 mutuus
1115 1944 1279 1986 semper
1296 1928 1465 1984 utrique

110 2009 300 2044 nostrum
339 1999 540 2042 insederit
577 2014 719 2047 amor,
761 2008 807 2041 ut
844 2000 1041 2041 interiore
1080 1999 1217 2055 potius
1253 1998 1465 2040 foveretur

113 2071 281 2120 affectu,
301 2085 426 2126 quam
449 2069 604 2111 forensi
627 2069 830 2110 blanditia
850 2069 1165 2126 divulgaretur3
1194 2083 1330 2125 neque
1351 2068 1464 2109 enim

113 2143 288 2185 aliorum
314 2141 604 2198 quaerebamus
628 2140 934 2188 testimonium,
953 2141 1022 2196 qui
1041 2148 1200 2182 tantam
1224 2138 1354 2181 nostri
1377 2153 1467 2195 gra-

113 2212 212 2254 tiam
231 2212 489 2254 tenebamus.
508 2211 568 2252 Ita
584 2210 711 2253 virilis
730 2226 771 2252 se
792 2211 958 2266 utrique
971 2219 1161 2252 nostrum
1178 2209 1465 2267 germanitatis

113 2296 265 2324 succus
290 2280 515 2329 infuderat,
539 2289 586 2322 ut
609 2295 692 2321 non
719 2280 934 2322 blanditiis
960 2282 1140 2337 probare
1163 2293 1368 2327 amorem,
1393 2278 1467 2319 sed

116 2351 282 2394 conscia
315 2359 456 2392 mente
493 2350 656 2408 pietatis
693 2349 858 2392 interno
893 2365 1034 2392 amore
1071 2347 1285 2396 contenti,
1321 2348 1467 2389 sucum

115 2420 414 2463 blanditiarum
445 2435 530 2463 non
564 2419 777 2476 requirere
807 2420 1063 2471 videremur,
1098 2434 1202 2476 quos
1234 2427 1276 2461 et
1308 2418 1395 2475 ipsa
1426 2418 1466 2458 in

119 2502 304 2535 amorem
325 2500 521 2536 mutuum
555 2491 692 2549 imago
721 2491 944 2539 formaret3
969 2490 1112 2534 nescio
1138 2489 1251 2532 enim
1285 2502 1366 2545 qua
1397 2502 1470 2528 ox-

267 2600 327 2627 Lx.
947 2608 951 2612 -
1337 2594 1358 2618 2
