1774 3158
325 199 348 240 5
359 199 411 248 τά
825 211 1164 241 Annon-rmum.

326 288 505 346 Proefat.
529 287 570 330 iu
593 303 630 330 x.
658 302 780 329 suum
804 289 1003 331 saeculum
1019 297 1264 332 memorata.
1280 290 1400 334 Unde
1417 291 1457 333 in
1474 301 1673 349 promptu

322 368 385 403 est
398 392 409 408 ‚
435 373 512 402 cur
537 373 557 401 a
575 357 865 415 permittendis
880 356 1067 400 fidelium
1082 367 1204 415 atque
1220 360 1485 403 ethnicorum
1502 362 1610 404 inter
1628 376 1672 404 se

323 429 545 472 connubiis
560 428 755 487 vigilium
772 436 990 486 tantopere
1005 430 1055 471 de
1070 429 1258 473 hortatus
1273 431 1666 476 sueritAmbrosius.

659 599 903 630 ΑΝΝοΤΑΤιο
940 585 1010 640 (11
1024 586 1063 641 5)
1099 599 1192 642 pag.
1231 584 1256 626 3
1268 600 1282 627 1
1294 587 1332 628 3.

377 741 489 786 Nihil
511 739 642 798 magis
658 739 854 781 omnibus
873 746 1020 780 notum
1034 770 1046 787 ,
1074 752 1201 795 quam
1228 738 1418 782 foeminas
1436 740 1546 798 apud
1572 739 1670 783 eth-

317 814 435 856 nicos
465 820 591 869 caput
626 810 767 852 crocei
805 809 956 852 coloris
988 809 1222 858 velamine,
1247 811 1347 851 dum
1373 811 1425 852 ad
1464 811 1668 853 maritum

318 883 584 926 ducebantur
597 913 609 929 ‚
630 880 848 921 obnubere
861 880 1137 921 consuevisse.
1156 880 1245 921 Hoc
1259 881 1383 922 etiam
1404 883 1513 935 apud
1529 881 1670 923 Chris-

312 955 447 995 tianos
473 967 492 993 a
516 950 660 1007 primis
685 949 945 1006 temporibus
970 964 1050 990 usu
1074 958 1292 1007 receptum
1311 965 1400 993 esse
1423 952 1621 994 discimus
1644 967 1666 994 a

314 1022 588 1080 scriptoribus
616 1019 909 1062 ecclesiasticis
937 1036 945 1059 :
971 1019 1044 1060 sed
1079 1018 1168 1075 ejus
1194 1020 1253 1060 rei
1275 1021 1479 1077 originem
1498 1019 1668 1063 Tei-tuh

314 1095 450 1136 lianus
466 1094 517 1133 cle
533 1091 746 1133 Velandz‘s
766 1090 894 1147 Virg.
920 1104 1009 1146 cap.
1045 1104 1059 1130 1
1076 1105 1109 1132 1.
1138 1098 1261 1145 atque
1279 1090 1527 1147 Ambrosius
1551 1091 1608 1133 lib
1633 1108 1661 1134 1.

315 1164 366 1206 de
382 1162 636 1211 Abraham,
653 1176 743 1218 cap.
768 1176 792 1217 9
809 1194 819 1210 ,
841 1159 1028 1202 referunt
1050 1162 1101 1202 ad
1130 1160 1333 1202 Rebeccae
1357 1162 1633 1204 imitationem
1652 1197 1663 1212 ,

314 1250 406 1292 quae
424 1242 651 1291 conspecto
674 1232 823 1273 marito
837 1264 846 1278 ‚
876 1232 927 1271 ad
947 1245 1072 1287 quem
1097 1232 1380 1272 contendebat
1399 1265 1408 1279 ‚
1453 1233 1665 1289 extemplo

309 1304 460 1348 velavit
473 1319 562 1346 sese
577 1336 586 1352 ,
611 1302 968 1360 quemadmodum
985 1300 1213 1357 Scripturae
1236 1301 1385 1342 divinae
1408 1310 1659 1344 memorant.

307 1376 396 1418 Hac
419 1383 558 1417 autem
580 1373 787 1415 velatione
804 1370 1084 1430 significatum
1101 1372 1224 1412 docet
1243 1368 1491 1412 Ambrosius
1508 1372 1666 1429 nuptiis

309 1447 460 1504 praeire
485 1445 638 1486 debere
678 1442 987 1485 verecundiam.
1029 1441 1214 1482 Isidorus
1249 1449 1389 1482 autem
1412 1441 1487 1483 lib.
1519 1457 1563 1483 11.
1600 1441 1668 1483 De

311 1515 558 1558 Ecclesiast.
585 1513 710 1571 Offi0·
733 1527 824 1570 cap.
855 1527 916 1568 ¹9·
946 1510 1258 1567 subjectionem
1278 1510 1417 1552 uxoris
1454 1525 1550 1567 erga
1573 1525 1666 1552 ma-

310 1587 438 1628 ritum
477 1584 680 1641 signatam
724 1581 863 1624 tradit.
908 1581 1039 1623 Porro
1084 1581 1198 1636 quod
1237 1579 1485 1621 Ambrosius
1533 1580 1666 1621 utitur

305 1655 369 1698 his
394 1655 530 1697 verbis
551 1653 777 1695 velamine
811 1650 1097 1697 sacerdotali,
1134 1649 1300 1690 videtur
1345 1648 1532 1691 indicare
1562 1649 1666 1692 illud

306 1727 497 1768 velamen
516 1739 536 1766 a
561 1724 778 1766 sacerdote
805 1721 893 1779 ipso
915 1719 1072 1778 imponi
1091 1719 1260 1761 solitum
1277 1752 1286 1767 ‚
1310 1719 1424 1775 quod
1439 1734 1523 1761 non
1542 1719 1665 1762 facile

309 1796 419 1852 apud
442 1794 570 1836 alium
589 1802 805 1835 auctorem
829 1790 1027 1833 invenias.
1058 1788 1184 1841 Quod
1207 1804 1304 1830 vero
1330 1790 1382 1831 ad
1405 1789 1664 1831 benedictio-

305 1881 402 1907 nem
425 1880 509 1906 non
534 1865 658 1905 modo
680 1862 791 1904 illius
817 1876 939 1903 usum
968 1862 1009 1902 in
1034 1861 1166 1916 prima
1185 1860 1371 1901 Ecclesia
1395 1860 1574 1917 viguisse
1596 1874 1662 1902 os-

308 1936 489 1977 tendunt
518 1933 787 1976 Innocentius
825 1947 860 1973 1.
896 1932 1017 1988 episc.
1059 1931 1119 1970 ad
1150 1930 1329 1972 Viezrie.
1365 1930 1561 1986 Synodus
1603 1944 1655 1971 1v.

309 2005 505 2062 Carthag.
541 2018 633 2045 can.
676 2004 739 2045 15.
780 2002 966 2044 Isidorus
987 2000 1057 2042 lib.
1092 2015 1129 2042 2.
1157 2000 1208 2040 de
1223 2000 1387 2041 Bootes,
1410 2001 1536 2057 Offi'o.
1564 2015 1655 2057 cap.

315 2090 365 2132 19
386 2084 425 2117 et
445 2075 537 2122 alii3
567 2074 638 2115 sed
660 2073 786 2123 etiam
806 2080 901 2112 ante
923 2071 1000 2112 hos
1014 2069 1296 2112 Tertullianus
1313 2070 1385 2111 lib.
1414 2085 1457 2111 11.
1476 2070 1534 2110 ad
1550 2069 1661 2111 Uxo-

306 2161 416 2193 rem,
437 2160 527 2202 cap.
557 2160 596 2200 9.
619 2142 806 2199 Syricius
818 2142 941 2198 epist.
970 2155 1004 2181 1.
1025 2140 1085 2181 ad
1098 2141 1370 2192 Hcmercmn,
1393 2155 1483 2197 cap.
1513 2141 1557 2191 4,
1585 2139 1659 2182 ubi

307 2216 365 2257 sic
384 2216 569 2272 loquitur
592 2230 601 2254 :
624 2211 714 2255 Illa
749 2211 987 2253 benedictio
1005 2242 1016 2257 ‚
1051 2225 1186 2264 quam
1219 2220 1426 2266 nupturae
1460 2210 1658 2251 sacerdos

301 2286 496 2343 imponit
515 2284 637 2341 apud
665 2282 815 2341 fideles
844 2281 1079 2336 cujusdam
1099 2279 1325 2337 sacrilegii
1346 2280 1488 2321 instar
1515 2290 1598 2328 est,
1619 2279 1659 2321 si

307 2356 400 2398 ulla
421 2354 766 2412 transgressione
784 2352 990 2399 violatum
1006 2350 1287 2393 Tertullianus
1306 2358 1444 2392 autem
1463 2348 1657 2391 benedic-

301 2426 409 2468 tioni
426 2425 685 2468 oblationem
701 2422 838 2480 jungit
864 2437 872 2463 :
898 2436 976 2463 nec
994 2435 1092 2463 sane
1115 2420 1292 2468 mirum,
1316 2434 1414 2461 cum
1432 2419 1545 2476 apud
1566 2419 1654 2476 ple-

301 2509 456 2553 rosque
470 2493 658 2538 infideles
671 2492 918 2550 conjugium
929 2490 1018 2535 sine
1031 2489 1237 2534 sacrificio
1253 2504 1336 2532 non
1348 2489 1650 2533 celebraretur.
