1774 3158
659 290 994 321 ΑΝΝοΤΑΤῙοΝΕε.
1418 280 1440 321 5
1451 281 1502 321 23

492 454 734 483 ΑΝΝοτΑΤιο
771 417 893 495 (136)
932 454 1023 498 pag.
1063 441 1160 498 367.

212 578 309 620 Haec
343 577 559 620 translatio
588 592 798 619 sacrarum
830 577 1101 634 reliquiarum
1137 578 1261 621 sicin
1285 580 1504 638 Martyro-

152 648 262 705 logio
283 648 472 691 Romano
512 648 691 690 refertur
725 663 800 689 x111
830 647 1040 690 Kalendas
1080 648 1182 690 Julii
1213 650 1293 707 (19
1318 651 1457 705 Junii)
1491 667 1500 693 :

155 718 423 766 Mediolani,
463 727 718 759 sanctorum
752 716 1002 775 Martyrum
1034 717 1220 760 Gervusz‘
1249 731 1287 760 et
1324 720 1502 762 Protasi
1551 771 1560 776 ,

150 789 374 844 fratrum;
397 802 450 828 ea:
474 786 630 842 quibus
650 787 848 844 priorem
872 788 1027 829 tandiu
1039 789 1179 843 jussit
1206 788 1407 831 Astasius
1422 791 1521 845 ι]“ιι-“

151 858 238 899 dex
260 857 503 913 plumbatis
532 857 663 905 emti,
689 872 907 912 quousque
927 859 1136 913 spiritum
1161 858 1414 910 eaehataret‚·
1441 874 1506 900 se-

154 938 358 984 quentem
385 942 488 969 vero
515 927 704 983 fustibus
731 943 891 969 ecesum
914 931 1056 984 cupite
1078 931 1293 971 truncari.
1330 929 1506 971 Horum

155 1013 357 1055 corpora,
379 998 571 1039 Domino
587 998 805 1038 revelante
819 1030 828 1048 ‚
851 997 995 1039 beatus
1013 998 1272 1040 Ambrosius
1291 999 1508 1056 sunguine

157 1082 406 1123 conspersa,
421 1077 459 1108 et
481 1068 541 1107 ita
568 1068 820 1121 incorrupta
846 1068 1024 1124 reperit,
1043 1083 1095 1109 ae
1112 1069 1150 1109 si
1169 1083 1216 1109 eo
1242 1067 1311 1109 die
1328 1069 1510 1125 fuissent

157 1138 413 1194 interempti
438 1154 451 1179 .·
472 1139 521 1178 in
541 1152 729 1193 quorum
747 1139 1038 1180 translatione
1061 1153 1196 1180 eaeous
1217 1139 1370 1195 feretri
1392 1148 1510 1180 taeta

158 1207 304 1249 lumen
325 1209 505 1266 recepit,
530 1217 568 1249 et
590 1208 782 1265 plurimi
802 1209 954 1251 vexati
975 1224 1002 1250 a
1030 1209 1302 1252 daemonibus
1333 1209 1509 1251 liberati

156 1289 270 1322 sunt.

491 1429 735 1458 ANNOTATIO
771 1416 895 1473 (137)
931 1431 1022 1474 pag.
1067 1417 1165 1461 368.

216 1552 375 1595 Bedam
409 1551 593 1608 aliosque
617 1555 864 1601 nonnullos,
890 1555 959 1610 qui
997 1570 1080 1596 non
1107 1555 1288 1597 concilio
1313 1555 1506 1604 Nicaeno‚

159 1623 230 1664 sed
253 1622 430 1663 Eusebio
446 1623 686 1664 Caesariensi
703 1625 1044 1665 decemnovalem
1060 1623 1238 1681 Cyclum
1259 1625 1510 1673 attribuunt,

160 1692 364 1736 Baronius
383 1694 434 1734 ad
457 1708 613 1734 annum
634 1693 735 1741 525,
751 1694 1021 1750 reprehendit
1042 1694 1310 1736 Ambrosiani
1334 1694 1512 1750 hujusce

159 1763 239 1804 loci
265 1763 535 1810 auctoritate,
569 1764 639 1804 cui
662 1763 787 1804 etiam
818 1763 1005 1821 Dionysii
1040 1763 1188 1821 Exigui
1221 1764 1511 1806 testimonium

161 1848 211 1875 ex
237 1833 370 1890 prima
405 1832 494 1888 ejus
537 1833 713 1890 epistola
746 1833 920 1890 jungere
962 1834 1180 1891 potuisset.
1213 1833 1513 1875 Verumtamen

161 1903 313 1945 erroris
335 1903 581 1960 Dionysium
615 1905 750 1960 arguit
772 1904 1008 1946 Bucherius
1031 1920 1039 1945 :
1071 1904 1342 1946 Ambrosium
1371 1912 1512 1946 autem

162 1972 203 2012 in
226 1972 306 2014 hac
327 1972 502 2029 epistola
535 1973 672 2014 minus
699 1974 811 2014 clare
840 1973 1031 2014 locutum
1054 1988 1103 2015 ex
1128 1989 1177 2015 eo
1200 1974 1376 2030 probat,
1399 1974 1514 2029 quod

162 2043 267 2084 infra
291 2044 496 2085 circulum
524 2044 922 2086 enneadecateridos
945 2060 1030 2086 non
1055 2044 1158 2086 dicit
1184 2053 1325 2100 aperte
1356 2044 1514 2085 consti-

164 2122 318 2160 tutum,
339 2115 413 2155 sed
433 2113 492 2155 his
515 2114 650 2155 verbis
674 2114 830 2156 utitur:
853 2114 902 2154 Si
923 2115 1020 2170 quis
1038 2114 1272 2171 diligenter
1297 2113 1512 2160 intendat,

162 2183 445 2224 statuendum
468 2194 691 2240 putarent.
717 2184 798 2227 Nos
823 2184 994 2240 quidem
1021 2184 1232 2226 Bucherio
1263 2198 1347 2224 non
1373 2198 1514 2224 assen-

163 2252 292 2294 timur
315 2252 356 2294 in
380 2268 452 2300 eo,
485 2255 598 2310 quod
621 2263 668 2296 ut
689 2254 963 2296 Ambrosium
986 2269 1079 2310 quae
1104 2253 1173 2295 hic
1196 2268 1322 2310 super
1345 2252 1516 2295 Paschae

165 2323 449 2366 celebratione
474 2325 613 2374 tradit,
639 2340 658 2366 a
683 2325 918 2382 Theophilo
936 2325 1344 2382 probetmutuatum
1364 2323 1512 2373 fuisse,

165 2394 273 2436 hanc
298 2395 532 2451 epistolam,
557 2411 620 2438 an.
652 2397 749 2444 581,
782 2405 873 2453 post
891 2395 1071 2443 Pascha,
1112 2395 1298 2437 secundo
1317 2404 1411 2450 post
1433 2393 1520 2434 ecli-

166 2475 259 2506 tum
294 2481 320 2506 (z
364 2465 600 2522 Tlteopltilo
645 2468 774 2508 Alex.
818 2466 1095 2508 Lutereulum
1121 2465 1373 2523 paschalem
1403 2479 1517 2506 anno

168 2534 367 2591 scriptam
391 2536 588 2585 affirmat3
629 2551 726 2578 cum
751 2537 871 2579 nobis
902 2537 1162 2594 probabilius
1189 2536 1381 2578 videatur
1412 2536 1520 2578 hanc

167 2605 301 2664 ipsam
331 2608 482 2651 eodem
505 2609 710 2652 laterculo
739 2607 925 2666 paschali
954 2607 1236 2666 antiquiorem
1260 2622 1365 2650 esse.
1393 2607 1521 2659 Quod
