1774 3158
323 217 399 269 171¹»
858 229 888 254 s.
932 228 1118 257 Mtssnosn

315 320 397 361 quo
423 311 564 344 mente
587 318 695 352 sum,
716 319 812 345 cum
837 320 886 346 eo
903 305 1027 347 etiam
1048 320 1226 362 corpore
1239 305 1316 347 sim
1331 307 1534 363 praesenti.
1554 307 1655 350 Fes-

313 376 396 415 tina
417 374 541 430 igitur
563 374 614 415 ad
637 388 725 418 me.
756 374 947 432 religiose
969 375 1044 417 Dei
1065 377 1260 417 sacerdos
1278 408 1286 423 ‚
1312 384 1359 416 ut
1381 376 1530 418 doceas
1552 377 1655 419 doc—

312 445 462 485 trinam
485 459 578 485 vere
602 445 842 486 credentem
866 462 874 487 :
900 462 982 487 non
1007 448 1120 502 quod
1141 447 1404 488 contentioni
1428 450 1615 490 studeam
1642 483 1652 498 ‚

309 524 379 556 aut
397 515 520 556 velim
544 515 673 571 magis
690 515 825 556 Deum
851 516 985 557 verbis
1011 531 1135 571 quam
1156 525 1296 557 mente
1316 517 1540 574 complecti
1555 535 1566 566 ;
1582 519 1655 560 sed

312 594 357 626 ut
380 585 507 641 inagis
538 594 681 641 aperto
704 586 864 641 pectori
893 586 1091 627 revolutio
1110 585 1345 627 Divinitatis
1369 586 1546 628 insidiat.

369 655 418 696 ll.
455 655 633 696 Docebit
663 655 773 696 enin]
798 671 862 696 ine
881 656 970 703 ille,
996 671 1120 712 quem
1148 672 1231 697 non
1253 672 1359 713 nego
1378 690 1388 705 ,
1430 672 1556 712 quem
1595 657 1657 699 sa-

311 736 399 768 teo‘:
414 727 550 767 Deum
569 741 615 767 ac
641 726 866 767 Dominum
888 743 977 768 esse
991 742 1131 768 meum
1145 729 1230 783 (65)
1244 762 1253 776 ‚
1269 743 1351 769 non
1370 728 1407 769 ei
1431 728 1655 784 objicienS,

311 812 433 853 quan]
456 797 495 837 in
519 812 586 838 me
604 796 750 844 video,
787 806 1022 838 creaturam
1037 830 1047 845 ,
1087 798 1156 854 qui
1176 797 1342 839 Christo
1363 798 1469 839 nihil
1491 813 1558 839 me
1591 799 1659 840 ad-

309 868 407 909 dere
429 883 548 925 posse
567 867 796 915 confiteom
821 870 926 910 velle
947 878 1086 910 tamen
1105 876 1150 909 ut
1174 869 1298 910 etiam
1322 869 1432 910 Patri
1450 884 1517 910 me
1544 884 1658 911 com-

265 946 267 949 “
314 940 530 986 mcndem,
545 938 697 980 Filium
716 939 996 994 praedicando.
1016 939 1105 981 Non
1119 954 1194 996 ego
1207 939 1246 979 in
1265 939 1351 980 Deo
1364 939 1540 981 verebor
1561 939 1660 981 invi-

311 1009 420 1049 diam
445 1023 453 1048 ε
478 1023 561 1049 non
582 1023 650 1049 me
674 1009 798 1049 talem
823 1010 1085 1050 laudatorem
1098 1009 1280 1066 putabo,
1299 1009 1370 1066 qui
1387 1009 1657 1052 Divinitatem

308 1078 445 1119 verbis
473 1092 658 1134 augeam.
689 1077 776 1133 Ego
809 1077 1002 1119 infirmus
1034 1088 1076 1120 et
1112 1079 1293 1136 fragilis,
1335 1088 1536 1135 quantum
1560 1095 1658 1138 pos·

308 1163 399 1188 sum
418 1180 427 1193 ‚
450 1147 631 1204 praedico
652 1161 662 1188 ε
688 1162 770 1187 non
795 1157 998 1203 quantum
1028 1157 1090 1190 est
1115 1149 1198 1205 ipsa
1229 1149 1446 1191 Divinitas.

366 1219 436 1260 III.
474 1219 588 1274 Rogo
614 1226 652 1259 te
673 1218 834 1259 utmihi
856 1219 928 1260 des
954 1219 1089 1276 ipsum
1114 1228 1363 1268 tractatmn,
1385 1237 1510 1277 quem
1536 1224 1658 1266 dede-

309 1305 373 1331 ras
386 1321 397 1338 ,
417 1288 700 1346 augendoillic
719 1290 770 1330 de
788 1289 946 1346 Spiritu
964 1300 1108 1332 sancto
1123 1290 1290 1333 fidelem
1308 1290 1652 1348 disputationem:

310 1358 536 1415 Scripturis
562 1367 686 1414 atque
715 1361 969 1416 argumentis
991 1360 1126 1402 Deum
1150 1376 1239 1402 esse
1263 1361 1499 1403 convincas.
1537 1362 1657 1403 Divi-

307 1432 414 1473 nitas
433 1439 472 1471 te
494 1440 629 1471 servet
649 1445 723 1487 per
746 1432 900 1473 multos
930 1447 1081 1480 annos,
1126 1447 1301 1488 parens,
1336 1441 1377 1473 et
1414 1434 1552 1475 cultor
1579 1433 1657 1475 Dei

307 1502 476 1550 aeterni,
502 1517 627 1558 quem
650 1502 827 1544 colimus
845 1534 856 1551 ‚
888 1501 987 1544 Jesu
1011 1502 1180 1545 Christi.

305 1657 424 1668 ’,Μὶιὶ
432 1655 1285 1668 tmzmntmxmmmmumuzmmzumum
1292 1657 1339 1667 sm*
1351 1656 1469 1667 §mn-m
1477 1657 1590 1668 ⁸2-sz
1600 1658 1655 1670 m

805 1753 1066 1797 EPISTOLA
1093 1754 1149 1797 1¹.

303 1873 566 1917 Ambrosias
581 1874 702 1931 apud
726 1873 943 1915 Ccesarem
961 1888 1026 1922 se,
1062 1872 1177 1928 quod
1194 1888 1282 1914 non
1306 1873 1498 1924 venerit,
1533 1888 1655 1914 excu-

363 1956 430 1987 sat
446 1977 460 1993 ,
485 1955 524 1986 et
553 1945 735 1986 laudata
763 1945 899 2001 ipsius
936 1944 1210 1991 humilitate,
1237 1943 1326 1998 side
1347 1958 1398 1984 cce
1415 1943 1575 1999 pictate
1592 1976 1603 1994 ‚
1627 1960 1654 1985 a

359 2031 400 2065 312
420 2016 542 2057 mitti
566 2015 696 2057 libros
708 2016 863 2072 petitos
884 2015 1039 2056 scribit
1055 2047 1065 2061 ,
1085 2029 1210 2068 seque
1225 2013 1651 2068 voluntaticjusdem

360 2089 409 2127 in
434 2085 715 2127 lucubrandis
738 2084 997 2126 tractatibus
1021 2084 1072 2125 de
1087 2084 1266 2139 Spiritu,
1291 2093 1440 2125 saneto
1459 2083 1653 2140 satisfac·

365 2167 518 2198 lurum
541 2155 731 2213 spondet.

304 2278 555 2322 Beatissimo
577 2278 765 2334 Augusto
787 2274 1023 2323 Gratian0¹,
1043 2283 1086 2317 et
1107 2275 1452 2318 christianissimo
1469 2275 1652 2334 principi

708 2346 955 2388 Ambrosius
986 2346 1224 2403 episcopus.

352 2472 382 2513 I.
420 2471 509 2514 Nox
530 2470 632 2512 mihi
657 2460 830 2512 affectus
851 2468 1009 2518 defuit,
1031 2469 1373 2512 christianissime
1389 2469 1647 2527 principum;

341 2572 347 2586 ¹
372 2562 495 2604 Scripta
513 2573 564 2594 an.
582 2562 654 2603 579.
676 2580 713 2586 -
735 2569 746 2584 ²
767 2562 847 2594 vide
859 2563 902 2594 D.
921 2561 1065 2601 Guitlon,
1084 2567 1160 2595 tom.
1185 2574 1226 2598 nx,
1244 2574 1272 2605 p.
1292 2561 1366 2600 354.
