1774 3158
259 191 344 232 528
762 196 1099 227 ΑΝΝοτΑΤΙοΝΕε.

256 279 418 335 opinor.
441 275 620 319 Volebat
643 288 718 315 nos
738 274 895 315 versari
918 274 959 315 in
986 274 1171 320 mundo,
1191 271 1306 327 quasi
1331 270 1371 312 in
1393 285 1438 312 re
1458 270 1607 327 imagi-

253 349 384 396 naria,
403 356 444 389 et
465 359 556 403 quae
581 346 695 386 nulla
714 345 922 386 soliditate
939 343 1200 385 subsisteret.
1224 341 1331 383 Puto
1353 340 1467 381 enim
1489 341 1607 381 illum

260 419 444 461 allusisse
479 418 530 458 ad
569 415 673 457 illud
705 415 848 471 primae
878 414 930 455 ad
955 412 1167 460 Corinth.,
1198 426 1288 469 cap.
1332 427 1373 467 7,
1404 410 1609 451 Praeteric

259 489 378 530 enim
407 485 557 543 figura
595 483 725 540 hujus
761 485 952 533 mundi5
985 498 1081 525 nam
1111 490 1254 538 postea
1279 480 1421 523 addit:
1447 479 1610 522 Ambu-

263 559 397 600 lantes
422 566 637 611 tanquam
654 558 697 595 in
714 554 911 611 ima-gine
927 553 1086 595 moaci.
1114 552 1175 594 Ita
1200 552 1280 594 ille.

602 713 844 743 ANNOTATIO
881 698 1001 757 (146)
1039 713 1132 755 pag.
1171 700 1264 747 411.

324 850 633 896 Praetendunt,
661 848 703 890 id
726 856 811 896 est,
846 855 941 888 ante
965 848 1066 889 alios
1091 847 1268 889 tentoria
1297 863 1370 890 sua
1395 846 1552 905 figunt,
1571 856 1613 890 et

265 937 335 965 eos
355 919 556 965 custodiis
573 918 658 961 suis
680 918 880 974 cingunt,
908 926 952 958 ut
971 917 1073 958 scite
1092 917 1302 958 annotavit
1319 917 1517 960 Nannius.

608 1069 850 1098 ANNOTATIO
886 1053 1006 1111 (147)
1041 1069 1133 1111 pag.
1173 1054 1271 1103 413.

324 1192 553 1248 Hypogaea,
573 1189 709 1246 inquit
733 1189 919 1231 Naunius
934 1222 944 1237 ,
967 1190 1058 1230 loca
1077 1189 1369 1230 subterrestria
1385 1219 1396 1236 ,
1417 1188 1490 1229 ubi
1521 1202 1615 1229 cau-

267 1277 396 1320 pones
421 1270 463 1302 et
485 1261 727 1302 meretrices
756 1260 957 1301 stabulari
990 1260 1145 1307 solent,
1177 1274 1268 1315 quae
1301 1258 1354 1300 ob
1385 1259 1617 1300 similitudi-

266 1347 363 1374 nem
386 1329 589 1373 cubilium
610 1329 794 1371 ferarum
818 1330 946 1370 lustra
967 1328 1166 1371 Romanis
1189 1328 1463 1384 appellantur.
1489 1327 1617 1371 Mere-

269 1402 350 1445 trix
379 1409 493 1443 certe
512 1405 719 1454 χαμιοιτύση
739 1407 781 1441 et
805 1404 1006 1454 χαμεταῖρις
1027 1398 1281 1440 nominatur.

608 1550 853 1577 ANNOTA'HO
888 1534 1017 1589 (14³)
1050 1549 1141 1591 pag.
1180 1534 1278 1584 426.

322 1669 439 1711 Hauc
470 1666 650 1724 perdicis
681 1666 981 1722 etymologiam
1010 1681 1028 1706 a
1065 1666 1370 1709 recentioribus
1393 1666 1618 1710 confictam

270 1740 371 1781 dicit
394 1738 709 1784 Aldrovandus3
734 1737 847 1777 unde
866 1737 1073 1792 intelligas
1094 1752 1190 1778 eum
1210 1737 1250 1778 in
1269 1738 1382 1779 hunc
1410 1738 1620 1780 Ambrosii

268 1811 411 1852 locum
439 1822 523 1849 non
557 1806 764 1848 incidisse.
802 1806 928 1857 Quod
960 1815 1100 1848 autem
1132 1806 1244 1849 illam
1274 1808 1495 1850 ridiculam
1532 1822 1620 1849 esse

270 1879 381 1921 idem
407 1876 625 1920 contendit
646 1909 656 1924 ‚
681 1880 764 1917 non
783 1875 1067 1933 refragamur3
1099 1891 1194 1918 cum
1216 1879 1266 1919 ad
1288 1879 1499 1920 Ambrosii
1522 1893 1621 1934 pro-

267 1948 451 2006 positum
469 1946 565 1988 satis
587 1945 712 1987 suerit
735 1960 826 1987 eam
850 1945 980 2002 ipsius
1001 1954 1122 1987 aetate
1141 1954 1354 2003 receptam
1373 1962 1477 1989 esse.
1503 1947 1622 1989 Dale-

270 2017 488 2075 champius
522 2017 564 2058 in
593 2016 777 2058 Plinium
810 2016 964 2057 dictam
994 2016 1050 2057 ait
1081 2031 1101 2057 a
1135 2017 1263 2057 verbo
1289 2019 1422 2070 πέρδειν
1441 2048 1452 2066 ,
1486 2024 1527 2057 et
1555 2015 1620 2058 alii

271 2088 369 2131 alias
393 2087 582 2144 ejusdem
606 2086 718 2128 vocis
746 2085 925 2143 origines
948 2085 1255 2142 excogitarunt.

611 2235 856 2264 ANNOTATIO
890 2222 1016 2278 (149)
1050 2236 1140 2278 pag.
1182 2222 1279 2271 433.

332 2361 530 2419 Congerit
552 2360 799 2402 Ambrosius
825 2360 910 2401 fere
933 2360 1121 2401 omnium
1152 2359 1499 2416 philosophorum
1533 2358 1625 2416 opi-

270 2436 415 2478 niones
452 2433 503 2474 de
533 2431 683 2473 anima.
727 2429 943 2487 Siquidem
974 2430 1205 2473 Xenocrati
1242 2431 1378 2472 anima
1418 2445 1536 2472 mens
1565 2439 1627 2472 est

270 2506 386 2548 nullo
415 2516 615 2560 eorpore,
647 2499 808 2544 Zenoni
843 2499 975 2557 ignis,
1007 2499 1221 2543 Aristoteli
1256 2499 1400 2556 quinta
1433 2500 1626 2556 quaedam
