1774 3158
258 244 280 285 3
291 245 341 294 14
803 257 835 286 s.
876 256 1071 286 AMBRosn

251 335 458 379 Palaestini
477 349 523 377 ac
542 335 784 393 subjectum
801 334 1240 392 habebant3quoniam
1251 334 1349 378 fidei
1370 337 1610 395 praerogati-

254 419 348 446 vam
388 405 604 454 amiserat,
634 422 715 462 qua
747 406 967 448 victoriam
990 415 1130 463 patres
1169 406 1308 462 adepti
1344 406 1474 449 suere.
1519 407 1613 450 Non

255 475 421 531 penitus
464 483 604 518 tamen
634 477 906 519 interciderat
940 476 1100 532 insigne
1125 476 1343 517 electionis
1373 478 1485 534 apud
1513 492 1612 520 auc·

257 554 392 587 torem
416 562 539 588 suum
555 579 567 595 ,
597 556 639 589 et
662 547 873 589 funiculus
890 546 1147 589 haereditatis
1187 561 1196 588 :
1237 548 1310 588 sed
1334 548 1431 606 qnia
1471 563 1615 590 rerum

259 616 513 658 scundarurn
532 618 752 660 insolentia
774 633 882 674 saepe
905 617 1240 664 extollebantur,
1277 617 1404 659 dabat
1428 633 1500 660 eos
1531 620 1615 676 ple-

259 701 435 743 rumque
460 689 499 729 in
532 696 782 745 potestatem
808 688 1016 736 hostium3
1045 696 1090 728 ut
1115 702 1232 728 more
1256 687 1410 744 ingenii
1445 688 1617 731 humani

259 758 493 799 remedium
511 760 719 801 malorum
739 757 1376 814 decoelosibiquaererent.Tunc
1388 758 1500 799 enim
1517 759 1605 801 Deo

261 829 418 869 subditi
441 844 602 877 sumus,
618 844 715 870 cum
738 828 919 870 adversis
944 828 1151 883 aliquibus
1170 843 1395 884 urgemur:
1418 829 1618 870 secundae

259 911 325 937 res
346 906 532 938 mentem
551 900 773 939 extollunt.
799 898 925 948 Quod
943 912 1040 939 cum
1065 898 1163 938 alias
1183 912 1258 938 usu
1282 897 1507 953 probatum
1537 898 1610 946 sit,

251 975 351 1008 tum
382 967 564 1009 maxime
606 968 648 1008 in
694 983 741 1009 ea
772 982 913 1009 rerum
951 967 1250 1015 conversione,
1282 983 1364 1023 qua
1398 983 1542 1010 rursus
1569 968 1621 1010 ad

262 1038 460 1079 chraeos
501 1053 521 1079 a
549 1038 782 1079 Palaestinis
801 1053 916 1079 versa
941 1038 1031 1078 vice
1057 1053 1121 1078 res
1136 1045 1321 1079 mutatae.

320 1108 375 1150 X.
415 1108 603 1164 Namque
631 1124 728 1151 cum
742 1108 1253 1165 diuturnainjurialongae
1269 1108 1546 1164 subjectionis
1564 1109 1620 1151 ita

263 1187 401 1220 essent
428 1181 621 1236 depressa
638 1179 916 1221 Hebraeorum
932 1179 944 1200 ¹
981 1187 1156 1235 pectora
1172 1211 1181 1224 ‚
1206 1186 1252 1219 ut
1268 1179 1406 1220 nullus
1423 1179 1530 1221 virili
1559 1180 1621 1221 in·

263 1250 386 1307 genio
410 1251 461 1291 ad
479 1250 716 1292 libertatem
737 1251 899 1292 animos
930 1251 1078 1291 tollere
1097 1251 1294 1299 auderet,
1325 1258 1441 1292 ortus
1465 1251 1618 1293 estillis

266 1320 442 1362 Samson
464 1320 604 1362 divino
622 1322 793 1362 oraculo
811 1320 1133 1378 praedestinatus
1150 1353 1158 1367 ‚
1184 1334 1362 1376 magnus
1384 1319 1467 1371 vir,
1489 1320 1623 1362 necin

263 1391 456 1448 pluribus
479 1392 788 1439 numerandus,
823 1390 896 1432 sed
919 1390 959 1432 in
978 1389 1121 1447 paucis
1156 1389 1521 1446 praestantissimus
1537 1422 1548 1438 ‚
1582 1398 1624 1431 et

266 1461 381 1516 quod
402 1461 488 1502 sine
513 1462 595 1503 ulla
617 1461 906 1503 controversia
930 1461 1008 1509 sit,
1035 1460 1193 1501 viribus
1217 1460 1406 1517 corporis
1431 1459 1624 1502 omnium

266 1530 388 1573 facile
416 1532 592 1589 primus.
625 1533 770 1589 quue
796 1531 955 1588 ingenti
981 1530 1261 1572 admiratione
1286 1531 1408 1572 nobis
1431 1539 1627 1588 spectan-

269 1601 345 1642 dus
369 1616 389 1641 a
408 1602 637 1659 principio,
663 1618 748 1644 non
775 1603 841 1643 illa
863 1617 955 1658 quae
978 1601 1264 1658 temperantiae
1305 1610 1347 1642 et
1386 1600 1625 1642 sobrietatis

267 1671 353 1728 jam
376 1673 473 1714 inde
495 1689 515 1715 a
537 1673 715 1730 pueritia
739 1673 822 1715 vini
845 1673 1283 1729 abstemiuspraeclara
1300 1671 1473 1727 insignia
1486 1671 1625 1720 dedit,

268 1757 348 1784 nec
374 1743 439 1784 illa
463 1736 556 1800 qu'ae
579 1743 746 1785 intonso
769 1744 907 1800 capito
944 1745 1164 1786 ⁴[Mazaraeus
1196 1756 1312 1783 sacra
1350 1742 1425 1783 diu
1448 1740 1627 1782 servavit

272 1813 486 1854 custodia:
503 1814 577 1854 sed
601 1814 652 1855 ab
676 1813 980 1861 adolescentia,
1008 1827 1100 1868 quae
1124 1812 1164 1852 in
1189 1812 1277 1853 aliis
1299 1820 1397 1852 aetas
1431 1811 1624 1860 mollior,

272 1882 313 1923 in
336 1882 419 1923 hoc
445 1883 610 1939 egregia
630 1915 640 1930 ,
669 1895 795 1939 atque
819 1897 943 1939 supra
970 1884 1199 1923 humanum
1233 1882 1408 1922 modum
1432 1880 1628 1936 perfectae

268 1953 434 1994 virtutis
456 1954 661 2010 stupenda
700 1953 885 1995 facinora
909 1952 1051 1994 effecit
1077 1967 1086 1992 τ
1117 1951 1270 2007 quibus
1303 1950 1433 1991 divini
1468 1949 1628 1991 oraculi

273 2036 370 2062 mox
405 2022 568 2077 aperuit
603 2020 758 2068 fidem,
794 2021 908 2077 quod
951 2035 1036 2061 non
1080 2017 1367 2075 perfunctorie
1390 2025 1505 2058 tanta
1530 2031 1626 2057 eum

275 2091 470 2132 anteisset
488 2091 644 2147 gratim
671 2098 717 2132 ut
735 2090 1012 2132 descenderet
1031 2088 1238 2144 Angelus,
1268 2102 1343 2143 per
1366 2101 1491 2143 quem
1513 2095 1629 2128 ortus

275 2162 365 2218 ejus
404 2170 556 2219 praeter
594 2177 711 2217 spem
749 2160 997 2217 parentibus
1041 2158 1391 2205 annunthretur,
1441 2157 1632 2199 futurum

273 2232 461 2288 regimen
479 2239 520 2272 et
541 2231 784 2287 praesidium
808 2230 914 2278 suis;
935 2244 1030 2271 nam
1056 2229 1252 2286 gravibus
1274 2226 1437 2284 jamdiu
1458 2226 1630 2268 Palesti-

274 2317 427 2345 norum
451 2301 636 2358 imperiis
665 2301 992 2343 afflictabantur.

337 2371 415 2415 XI.
450 2372 574 2414 Pater
614 2371 672 2413 illi
712 2378 800 2413 erat
821 2372 872 2412 de
896 2370 1010 2412 tribu
1035 2370 1126 2412 Dan
1148 2369 1300 2411 timens
1326 2367 1462 2410 Deum
1478 2399 1488 2415 ‚
1513 2366 1628 2408 haud

277 2442 451 2501 ignobili
483 2442 647 2500 genitus
684 2443 805 2489 loco,
840 2450 1041 2498 praestans
1065 2438 1251 2482 caeteris²
1289 2454 1299 2480 :
1327 2445 1462 2480 mater
1502 2445 1624 2478 utero

278 2512 430 2557 sterilis
445 2544 455 2563 ‚
482 2514 554 2554 sed
578 2511 706 2554 animi
728 2512 953 2554 virtutibus
983 2511 1100 2553 haud
1123 2509 1390 2558 infoecunda;
1419 2521 1512 2564 quae
1533 2521 1633 2564 pro-

327 2614 334 2627 1
356 2603 462 2637 Judic.
478 2614 552 2641 xm,
572 2614 602 2642 1,
614 2608 646 2636 et
658 2613 749 2647 seqq.
765 2621 806 2628 —
822 2611 834 2626 ¹
853 2602 940 2636 thid,
957 2614 988 2643 2,
1005 2608 1036 2636 et
1051 2612 1139 2646 seqq.
