1774 3158
336 284 597 312 EXPLANATIO
628 285 800 312 SYMROLI
836 286 885 312 AD
920 288 1176 316 lNl'l'IANDOS.
1371 279 1447 318 165

100 372 141 404 et
162 363 201 404 in
220 364 354 405 carnis
371 363 752 414 resurrectionem.¹
768 365 871 415 Qua:
894 367 999 406 ratio
1019 369 1113 408 est?
1136 370 1243 420 Quia
1268 348 1337 426 qui
1357 388 1451 413 crc-

100 433 159 474 dit
181 433 221 473 in
247 442 461 475 auctorem
478 466 488 485 a
513 434 647 474 credit
674 444 714 475 et
740 434 780 474 in
809 450 914 491 opus
943 439 1136 479 auctoris.
1176 441 1370 497 Denique
1400 458 1452 483 ne

98 503 179 545 hoc
203 504 356 559 ingenii
376 503 507 544 nostri
522 504 695 559 putetis,
720 505 898 561 accipite
917 506 1203 549 testimonium
1224 526 1231 550 :
1249 528 1262 546 a
1283 510 1325 551 Si
1347 512 1451 553 mihi

97 594 112 612 »
127 589 208 614 non
225 574 410 619 creditis,
431 576 495 616 vel
512 575 708 630 operibus
725 576 895 616 credite.
914 598 927 615 ι
942 576 1050 633 Ergo
1070 577 1305 622 hochabes.
1329 582 1451 623 Nunc

97 644 199 686 fides
231 653 298 686 tua
323 645 498 701 amplius
535 645 740 692 elucebit,
774 645 805 686 si
831 645 870 686 in
892 661 996 702 opus
1026 648 1209 689 auctoris
1235 650 1295 691 tui
1320 650 1448 693 fidem

97 729 236 757 veram
257 724 298 756 et
325 715 528 772 integram
555 716 765 772 putaveris
794 716 1077 757 deserendam.
1122 735 1137 755 «
1155 718 1202 758 In
1220 718 1454 763 Ecclesiam

97 804 112 824 n
127 793 332 832 sanctam,
360 794 400 827 et
422 786 764 827 inremissionem
788 795 1076 843 peccatorum.
1096 787 1262 830 »Crede
1285 805 1384 847 ergo
1403 807 1454 833 ex

95 854 202 903 fide,
228 855 322 911 quia
345 856 483 896 onmia
502 856 579 897 tibi
612 864 785 911 peccata
821 856 1110 898 remittunture
1149 857 1291 908 Quare
1314 860 1452 917 legisti

94 926 134 967 in
158 926 381 982 Evangelio
404 958 414 975 ,
440 926 607 967 dicente
631 926 812 967 Domino
841 942 883 967 :a
902 927 1025 968 Fides
1048 935 1126 967 tua
1150 935 1189 968 te
1211 930 1371 971 salvum
1390 932 1452 971 se—

95 1013 110 1034 »
124 995 196 1036 cit.
221 1014 235 1034 »
279 996 689 1038 «Resurrectionem.
710 1014 725 1034 n
767 996 902 1037 Crede
932 997 1029 1052 quia
1052 1006 1241 1054 resurget
1265 1007 1306 1040 et
1333 1014 1444 1042 caro,

95 1065 207 1116 Quid
229 1066 341 1107 enim
363 1080 466 1122 opus
483 1065 574 1114 suit,
594 1075 640 1106 ut
659 1065 848 1108 Christus
867 1081 1037 1109 carnem
1061 1068 1321 1123 susciperet?
1337 1070 1451 1120 Quid

94 1150 197 1192 opus
220 1135 297 1176 suit
320 1144 366 1177 nt
390 1135 581 1177 Christus
599 1144 779 1177 mortem
805 1145 1010 1193 gustaret,
1031 1138 1291 1193 sepulturam
1320 1138 1452 1179 susei-

92 1213 211 1262 peret
227 1214 268 1246 et
288 1214 552 1262 resurgeret,
586 1207 664 1247 nisi
702 1215 874 1264 propter
910 1211 1025 1248 tuam
1059 1206 1452 1249 resurrectionem?

93 1276 245 1317 Totum
270 1276 349 1317 hoc
374 1284 682 1317 sacramentum
704 1285 783 1318 tuae
804 1285 865 1317 est
884 1277 1217 1318 resur-rectionis.
1248 1277 1289 1318 Si
1312 1278 1454 1320 Chris-

93 1355 158 1387 tus
180 1362 263 1388 non
293 1347 520 1388 resurrexit
540 1379 550 1394 ,
574 1362 677 1388 vana
700 1354 760 1388 est
782 1346 886 1389 fides
910 1356 1076 1394 nostra3
1097 1349 1170 1389 sed
1195 1347 1291 1403 quia
1314 1364 1453 1390 resur-

93 1415 222 1463 rexit,
247 1417 339 1458 ideo
361 1416 481 1457 firma
507 1425 570 1458 est
593 1415 696 1458 fides
718 1425 873 1457 nostra.

150 1485 259 1528 VIII.
275 1487 383 1543 Ergo
402 1486 961 1544 dixiApostolossymbolum
980 1486 1279 1543 composuisse.
1295 1487 1448 1544 Siergo

91 1571 282 1599 mercum
302 1557 473 1598 istarum
497 1558 778 1613 negotiatores
811 1565 852 1598 et
878 1557 1099 1598 collatores
1120 1557 1312 1613 pecuniae
1340 1557 1449 1600 hanc

92 1628 249 1670 habent
274 1628 409 1685 legem
426 1660 435 1676 ‚
465 1636 512 1669 ut
544 1627 576 1668 si
597 1627 689 1683 quis
711 1627 946 1683 symbolam
970 1640 1086 1667 suam
1107 1626 1346 1674 violaverit,
1375 1626 1451 1668 im-

90 1698 247 1756 probus
273 1706 314 1739 et
341 1697 594 1739 intestabilis
615 1697 835 1744 habeatur,
876 1697 1011 1737 multo
1049 1696 1179 1752 magis
1213 1697 1450 1738 cavendum

91 1778 153 1811 est
175 1769 318 1816 nobis,
344 1784 396 1810 ne
429 1770 479 1810 de
511 1768 728 1824 majorum
750 1768 942 1824 symbolo
980 1766 1135 1823 aliquid
1169 1766 1443 1808 detrahatur:

91 1855 188 1883 cum
211 1840 365 1881 habeas
389 1839 429 1879 in
452 1839 559 1880 libro
577 1837 849 1894 Apocaiypsis
871 1836 1070 1884 Joannis,
1101 1836 1173 1891 qui
1190 1836 1356 1877 libellus
1375 1852 1449 1877 ca·-

91 1912 325 1958 nonizatur,
352 1919 393 1952 et
420 1909 598 1951 maxime
622 1910 673 1950 ad
696 1908 793 1950 fidei
817 1907 985 1965 proficit
1006 1908 1330 1948 fundamentum
1352 1923 1360 1947 :
1385 1907 1444 1948 ibi

91 1981 202 2022 enim
219 1980 433 2022 evidenter
458 1979 790 2036 omnipotentem
817 1978 1047 2019 Dominum
1072 1985 1264 2018 nostrum
1293 1977 1439 2018 Jesum

92 2052 304 2093 Christum
327 2051 588 2105 memoravit.
641 2049 759 2091 Licet
786 2057 828 2090 et
859 2049 900 2089 in
932 2048 1020 2089 aliis
1053 2048 1182 2095 locis,
1219 2056 1359 2088 tamen
1388 2048 1431 2089 in

91 2124 179 2180 ipso
215 2123 356 2164 libello
389 2122 463 2163 «Si
492 2121 608 2177 quis,
636 2120 796 2176 inquit,
831 2118 1058 2166 addiderit,
1083 2126 1153 2159 aut
1177 2118 1434 2166 detraxerit,

90 2215 104 2232 »
119 2193 323 2250 judicium
341 2191 418 2233 sibi
442 2191 568 2232 sumit
589 2199 629 2232 et
646 2204 852 2248 poenam.»
868 2188 934 2230 Sic
959 2188 1081 2230 unius
1096 2187 1443 2246 ApostoliScrip—

91 2264 193 2306 turis
211 2263 316 2304 nihil
332 2271 394 2303 est
411 2262 734 2309 detrahendum,
761 2260 864 2300 nihil
886 2260 1127 2300 addendum
1143 2290 1152 2306 ³
1177 2258 1448 2314 quemadmo-

91 2336 191 2376 dum
215 2347 289 2374 nos
311 2332 501 2388 symbolo
523 2330 638 2387 quod
662 2329 901 2385 accepimus
930 2329 979 2369 ab
999 2327 1210 2384 Apostolis
1235 2327 1442 2369 traditum

92 2412 212 2459 atque
236 2402 515 2458 compositum
536 2433 546 2448 ,
577 2400 680 2441 nihil
719 2400 922 2440 debemus
951 2399 1196 2445 detrahere,
1233 2397 1338 2439 nihil
1370 2400 1445 2439 ad-

91 2472 276 2529 jungere.
305 2472 394 2513 Hoc
418 2483 556 2511 autem
575 2479 638 2511 est
654 2456 894 2525 symbolum
916 2470 1031 2524 quod
1052 2468 1238 2510 Romana
1256 2467 1447 2508 Ecclesia

91 2550 206 2583 tenet
222 2574 232 2589 ,
261 2541 332 2582 ubi
351 2541 508 2596 primus
533 2540 830 2596 Apostolorum
857 2539 1005 2580 Petrus
1027 2538 1159 2584 sedit,
1193 2546 1235 2578 et
1259 2551 1450 2578 commun

92 2628 186 2654 nein
208 2611 459 2653 sententian}
483 2625 531 2652 eo
554 2611 715 2651 detulit.
