1774 3158
288 224 339 250 DE
372 220 544 250 EXCESSU
579 218 750 246 FRATRIS
782 218 844 245 SUI
876 218 1042 252 sA'er,
1080 218 1157 245 LlB.
1196 217 1222 244 1.
1386 203 1433 243 15

93 298 280 342 deflevit¹
299 332 310 348 ,
331 300 402 341 sed
420 296 549 354 magis
567 295 778 353 Propheta
798 295 1007 344 laudavit,
1028 296 1134 338 sicut
1153 296 1204 337 de
1220 295 1289 336 illo
1307 293 1446 351 Scrip-

92 379 187 411 tura
211 368 313 411 dixit
338 385 380 410 z«
403 368 560 424 Raptus
587 374 650 408 est
668 399 678 414 ,
707 381 758 408 ne
783 366 940 407 malitia
966 374 1147 408 mutaret
1169 380 1241 407 cor
1258 364 1374 422 ejus²
1392 381 1429 412 3»

90 448 246 495 quanto
277 438 406 496 magis
434 452 547 479 nunc
579 436 672 493 jure
703 436 931 478 dicendum
965 443 1053 483 est,
1088 450 1185 477 cum
1218 435 1270 477 ad
1303 433 1446 477 saeculi

88 508 301 551 lubr1cum
326 508 418 550 vitae
441 507 615 549 accedat
637 505 895 563 ambiguum.
921 505 1079 562 Raptus
1096 513 1183 554 est,
1209 521 1262 547 ne
1289 506 1330 547 in
1354 522 1444 549 ma-

91 593 171 621 nus
206 578 412 620 incideret
443 577 728 619 Barbarorum
755 590 764 616 :
791 583 936 633 raptus
968 581 1056 623 est,
1092 589 1145 616 nc
1176 575 1302 616 totius
1335 577 1447 618 orbis

93 649 253 690 excidia
272 680 282 697 ,
321 646 468 690 mundi
510 645 638 688 finem
654 680 664 695 ,
704 646 1041 703 propinquorum
1080 644 1225 686 funera
1244 677 1254 693 ,
1295 646 1448 688 civium

90 727 266 766 mortes,
298 733 351 759 ne
383 725 596 774 postremo
629 725 873 758 sanctarum
909 715 1118 772 virginum
1152 723 1276 771 atque
1302 715 1446 757 vidua-

91 803 212 837 rum,
251 789 366 845 quod
403 787 519 830 omni
554 795 694 831 morte
732 787 924 829 acerbius
959 794 1044 834 est,
1081 785 1361 829 colluvionem
1395 787 1454 830 vi—

94 859 229 901 deret.
408 910 411 911 ⁷

151 927 316 972 XXXI.
355 927 444 985 Ego
468 942 567 970 vero
595 935 660 976 te,
685 927 837 976 frater,
867 942 964 970 cum
988 926 1079 970 vitae
1106 935 1185 970 tuae
1206 927 1335 977 ssore,
1363 936 1452 971 tum

92 999 241 1042 mortis
273 998 573 1041 commoditate
610 998 782 1040 beatum
821 997 1016 1040 arbitror.
1056 997 1148 1041 Non
1181 997 1293 1040 enim
1334 999 1454 1041 nobis

95 1078 262 1127 ereptus
304 1085 375 1119 es,
402 1069 476 1111 sed
522 1069 720 1126 periculis
749 1084 758 1111 z
783 1084 868 1112 non
906 1070 1032 1112 vitam
1077 1069 1273 1118 amisisti,
1298 1071 1371 1112 sed
1395 1070 1454 1112 in·

95 1139 337 1198 gruentium
357 1139 636 1181 acerbitatum
653 1139 879 1182 formidine
897 1139 1080 1182 caruisti.
1116 1139 1221 1182 Nam
1250 1156 1331 1196 qua
1366 1156 1457 1183 eras

96 1217 251 1253 sanctae
274 1209 424 1252 mentis
442 1209 732 1251 misericordia
750 1210 791 1252 in
813 1218 928 1259 tuos,
949 1210 982 1252 si
1001 1224 1116 1251 nunc
1139 1211 1276 1267 urgeri
1294 1211 1455 1253 Italiam

96 1289 183 1323 tam
200 1279 436 1338 propinquo
457 1279 577 1322 hoste
598 1295 898 1338 cognosceres,
920 1285 1126 1336 quantum
1146 1280 1458 1337 ingemisceres,

97 1365 223 1408 quam
239 1351 402 1393 doleres
421 1350 461 1391 in
480 1350 650 1408 Alpium
673 1352 780 1393 vallo
802 1365 1010 1392 summam
1028 1360 1182 1392 nostrae
1200 1351 1342 1393 salutis
1361 1366 1460 1394 con-

98 1421 260 1471 sistere,
276 1421 573 1479 lignorumque
588 1421 858 1463 concaedibus
872 1421 1059 1463 construi
1074 1436 1244 1463 murum
1258 1422 1454 1479 pudoris!

99 1493 195 1544 Qua
230 1492 456 1535 afflictione
480 1507 680 1534 moereres
724 1500 809 1534 tam
847 1491 962 1534 tenui
996 1491 1240 1534 discrimine
1276 1500 1372 1535 tuos
1409 1492 1460 1534 ab

98 1563 220 1607 hoste
246 1562 455 1613 distineri,
481 1563 531 1605 ab
561 1562 681 1606 hoste
705 1563 872 1620 impuro
898 1570 1024 1620 atque
1052 1563 1213 1605 crudeli
1232 1596 1244 1613 ‚
1278 1563 1349 1620 qui
1379 1577 1458 1606 nec

97 1633 312 1693 pudicitiae
333 1641 553 1692 parceret,
578 1648 656 1676 nec
678 1633 825 1676 saluti!

161 1705 344 1749 XXXII.
383 1706 604 1757 Quonam,
630 1704 824 1761 inquam,
848 1702 938 1746 haec
955 1705 1081 1746 modo
1104 1703 1255 1756 ferres,
1275 1722 1366 1763 quae
1384 1723 1459 1750 nos

99 1774 288 1832 perpeti,
310 1783 351 1816 et
372 1774 546 1817 fortasse
574 1773 713 1831 (quod
728 1774 893 1831 gravius
911 1775 997 1831 est)
1021 1783 1213 1831 spectare
1235 1791 1458 1834 cogemur,

102 1845 198 1903 rapi
221 1844 424 1902 virgines,
460 1853 502 1886 et
533 1845 697 1887 avulsos
722 1860 742 1886 a
766 1846 987 1901 complexu
1017 1854 1239 1902 parentum
1270 1849 1465 1903 parvulos

108 1915 265 1958 liberos
293 1930 418 1973 supra
440 1916 521 1957 tela
548 1914 724 1972 jactari,
746 1914 941 1957 incestari
962 1923 1124 1957 sacrata
1146 1915 1234 1958 Deo
1259 1931 1434 1974 corpora
1451 1951 1461 1967 ,

104 1993 146 2029 et
165 1986 340 2029 senilem
358 1986 494 2028 viduae
515 1985 755 2027 maturioris
774 1993 943 2027 uterum
966 1985 1008 2026 in
1028 2000 1128 2027 usus
1152 1987 1348 2031 desuetos
1365 2004 1465 2031 one·

103 2071 201 2099 rum
236 2056 397 2105 redire,
435 2071 520 2098 non
551 2054 814 2113 pignorum?
846 2055 1072 2106 Quonam,
1107 2055 1306 2113 inquam,
1334 2061 1462 2103 modo

104 2126 182 2169 ista
216 2128 444 2176 tolerares,
478 2127 552 2184 qui
584 2126 711 2168 etiam
741 2126 890 2168 ultimo
915 2126 1064 2183 spiritu
1088 2127 1146 2168 tui
1176 2127 1261 2184 jam
1283 2128 1467 2175 fortassis

107 2196 276 2246 oblitus,
300 2205 343 2239 et
368 2197 508 2240 adhuc
532 2197 663 2239 nostri
685 2211 771 2239 non
794 2197 1032 2246 immemor,
1053 2198 1103 2239 de
1121 2200 1305 2242 cavenda
1324 2200 1468 2244 incur-

108 2266 224 2310 sione
249 2267 533 2310 Barbarorum
557 2282 633 2309 nos
650 2267 800 2324 saepius
821 2266 1080 2308 admonebas
1095 2300 1105 2316 ,
1128 2282 1467 2315 commemorans

105 2352 191 2381 non
213 2338 367 2380 frustra
388 2346 428 2380 te
450 2337 601 2379 dixisse
622 2337 882 2394 fugiendum.
911 2337 1107 2379 Fortasse
1126 2337 1222 2381 ideo
1247 2343 1364 2397 quod
1387 2358 1463 2385 nos

109 2406 281 2449 destitui
301 2415 373 2461 tua
390 2415 525 2449 morte
545 2407 778 2457 cernebas:
801 2407 915 2463 quod
942 2421 1028 2448 non
1048 2406 1292 2452 infirmitate
1315 2412 1464 2462 animi,

116 2478 189 2519 sed
210 2476 363 2534 pietate
384 2476 589 2525 faciebas3
618 2485 660 2519 et
682 2477 715 2519 si
740 2476 933 2519 infirmus
958 2492 1034 2534 pro
1062 2478 1182 2522 nobis
1202 2513 1212 2529 ,
1237 2489 1376 2525 tamen
1393 2482 1467 2525 fir-

156 2575 166 2590 ¹
186 2567 269 2600 Gen.
288 2578 319 2607 v,
336 2567 386 2605 24.
410 2585 448 2594 -
468 2575 482 2592 ⁸
502 2567 577 2612 Sap.
602 2578 646 2606 iv,
670 2579 716 2599 ιι.
