1774 3158
359 193 418 240 nn=
442 212 533 239 rma
565 210 926 245 ansnnnncrmms,
965 215 1042 242 mn.
1081 215 1122 242 n.
1369 206 1421 253 45

88 287 197 329 diem
218 287 492 344 generationis
515 303 599 329 suae
615 320 624 334 ,
650 295 696 329 ut
723 288 833 328 diem
856 290 1174 332 resurrectionis
1199 290 1420 348 acciperet.

87 356 288 399 Audierat
308 356 432 398 etiam
459 356 657 398 Salomon
691 357 840 399 dixisse
874 366 1033 414 patrem
1068 376 1188 401 suum
1216 361 1421 403 :motum

86 425 178 466 »fac
213 425 339 472 mihi,
368 424 567 473 Domine,
591 424 719 467 finem
746 441 913 474 meum,
944 436 985 468 et
1008 443 1228 470 numerum
1260 431 1421 472 dicrum

85 513 100 534 n
116 509 304 535 meorum
319 526 330 542 ,
350 502 397 534 ut
412 493 541 535 sciam
564 493 664 549 quid
686 494 791 536 desit
813 495 915 537 mihi
929 495 959 538 ¹.
979 514 993 534 re
1008 496 1188 540 Noverat
1210 500 1319 540 enim
1338 501 1422 541 Da-

85 565 153 606 vid
174 566 270 619 [non
295 579 413 620 posse
434 563 476 606 id
498 563 612 620 quod
634 564 866 621 perfectum
891 574 976 614 est,
1000 566 1070 608 hic
1094 569 1418 624 comprehendi,

84 644 126 678 et
154 636 246 677 ideo
277 636 328 676 ad
356 650 401 676 ea
424 649 515 690 quae
544 643 641 676 sunt
665 634 828 686 futura,
857 637 1124 692 properabat.
1162 638 1283 680 Nunc
1310 640 1421 681 cuim

84 721 135 748 ex
154 713 272 762 parte
300 704 475 751 scimus,
509 712 551 745 et
576 718 626 745 ex
651 713 768 760 parte
792 705 1129 762 cognoscimus2:
1156 715 1255 749 tunc
1283 717 1422 750 autem

84 777 125 818 id
147 776 258 831 quod
282 773 514 830 perfectum
545 781 629 822 est,
650 775 805 830 poterit
829 776 1157 832 comprehendi;
1188 792 1283 820 cum
1312 794 1426 819 reve·

82 847 165 888 lata
187 845 291 887 facie
314 844 434 886 nobis
463 843 727 900 speculandae
751 844 979 900 majestatis
1010 847 1337 903 aeternitatisque
1364 848 1422 889 di-

82 917 184 958 vinae
203 916 376 972 coeperit
398 916 586 956 relucere
605 929 689 955 non
706 916 855 956 umbra
871 948 879 962 ‚
905 916 976 957 sed
998 916 1160 959 veritas.

139 986 341 1029 XXXIII.
380 985 510 1027 Nemo
539 993 677 1026 tamen
714 984 926 1027 festinaret
951 987 1004 1027 ad
1034 986 1290 1044 fi11em,3{nisi
1318 989 1410 1030 vitae

81 1055 196 1098 istius
217 1055 377 1112 fugeret
395 1054 798 1096 incommoditatem.
819 1055 870 1096 Et
888 1055 981 1097 ideo
999 1056 1125 1097 etiam
1145 1057 1278 1099 David
1295 1073 1422 1113 quarc

83 1126 134 1167 ad
152 1124 277 1166 finem
300 1124 487 1169 festinet.
511 1124 703 1180 exposuit
721 1125 865 1166 dicens
893 1140 901 1166 :
920 1126 1054 1166 «Ecce
1069 1135 1229 1168 veteres
1253 1128 1422 1183 posuisti

83 1194 199 1236 »dies
229 1209 367 1240 meos.
392 1201 433 1234 et
458 1193 660 1234 habitudo
683 1208 772 1234 mea
796 1202 993 1250 tanquam
1017 1195 1121 1237 nihil
1145 1204 1238 1237 aute
1261 1205 1300 1238 te
1322 1210 1331 1237 ε
1352 1211 1422 1237 ve-

83 1283 97 1303 »
112 1273 348 1306 rumtamen
368 1263 556 1304 universa
579 1263 751 1312 vanitas,
779 1264 913 1305 omnis
937 1265 1065 1305 homo
1081 1264 1258 1307 vivens³.
1280 1285 1295 1304 n
1310 1266 1423 1316 Quid

82 1334 206 1391 igitur
229 1348 441 1374 moramur
463 1332 605 1388 sugere
635 1332 888 1375 vanitatem?
917 1342 987 1374 aut
1009 1334 1109 1390 quid
1139 1349 1213 1376 nos
1244 1336 1424 1376 delectat

82 1405 122 1445 in
152 1404 231 1445 hoc
259 1404 412 1444 sacculo
441 1417 542 1443 vanc
571 1402 842 1450 conturbari,
877 1404 1120 1446 thesaurum
1147 1406 1420 1462 pecuniarum

84 1474 286 1521 condere,
310 1481 351 1513 ct
372 1472 567 1528 ignorare
597 1471 664 1513 cui
687 1486 991 1529 congregamus
1018 1473 1202 1516 haeredi?
1225 1478 1421 1516 Petamus

83 1543 264 1586 amoveri
289 1558 308 1584 a
332 1543 450 1584 nobis
478 1543 617 1599 plagas
636 1575 646 1591 ,
678 1541 781 1599 eripi
815 1557 891 1584 nos
923 1558 972 1584 ex
1001 1543 1214 1601 insipienti
1246 1546 1420 1594 saeculo,

82 1629 224 1656 carere
251 1613 584 1670 peregrinatione
614 1613 810 1655 diuturna
829 1645 839 1661 ‚
865 1613 916 1654 ad
938 1613 1052 1655 illam
1075 1615 1213 1657 redire
1245 1616 1420 1672 patriam

80 1694 122 1727 et
144 1684 375 1727 naturalem
402 1686 589 1727 domum.
623 1684 672 1725 In
703 1683 780 1726 hac
810 1684 921 1726 enim
949 1693 1058 1727 terra
1089 1684 1257 1727 advenae
1279 1701 1421 1728 sumus

83 1764 207 1812 atque
231 1754 482 1812 peregrini⁶z
513 1755 826 1812 remigrandum
852 1769 901 1796 eo
918 1787 928 1803 ,
960 1756 1071 1796 unde
1097 1756 1389 1798 descendimus
1411 1772 1419 1796 ε

83 1826 353 1869 ambiendum
380 1835 421 1867 et
442 1826 749 1868 obsecrandum
782 1841 869 1869 non
892 1825 1206 1883 perfunctorie,
1241 1829 1313 1868 sed
1342 1828 1414 1867 ob-

82 1899 202 1947 nixe;
229 1905 271 1938 ut
298 1912 318 1938 a
343 1897 445 1938 dolis
464 1905 505 1937 et
527 1897 576 1938 ab
602 1897 820 1953 iniquitate
840 1897 1081 1953 loquacium
1103 1897 1345 1939 liberemur.
1372 1897 1424 1938 Et

81 1968 149 2010 ille
174 1968 245 2023 qui
285 1968 516 2009 remedium
553 1976 726 2009 noverat
746 1999 756 2015 ,
795 1967 1089 2023 prolongatum
1130 1975 1268 2007 tamen
1302 1981 1422 2007 suum

82 2037 254 2093 ingemit
275 2038 523 2086 incolatum,
550 2045 590 2078 et
617 2052 714 2079 cum
735 2037 1032 2093 peccatoribus
1054 2044 1096 2077 et
1114 2036 1266 2092 iniquis
1290 2051 1333 2077 se
1356 2036 1427 2077 ha-

80 2108 213 2149 bitare
233 2108 460 2164 deplorat⁵.
491 2107 602 2159 Quid
632 2123 709 2164 ego
733 2106 912 2155 faciam,
948 2107 1018 2163 qui
1046 2114 1086 2148 et
1109 2116 1331 2163 peccatum
1354 2106 1424 2148 ha-

81 2183 159 2223 beo
178 2215 187 2229 ‚
206 2189 247 2222 et
268 2181 413 2237 ignoro
436 2178 696 2221 remedium?

140 2250 339 2293 XXXIV.
377 2248 606 2291 Hieremias
623 2262 791 2303 quoque
812 2247 925 2303 quod
944 2254 1165 2303 generatus
1187 2248 1258 2296 sit,
1282 2249 1427 2306 etipse

83 2322 271 2376 deplorat
305 2319 368 2360 his
405 2319 541 2360 verbis
561 2350 572 2366 ,
600 2318 744 2359 dicens
772 2317 922 2358 :afleu
947 2331 1040 2365 me,
1075 2318 1234 2359 mater!
1262 2320 1428 2375 utquid

82 2408 98 2430 »
111 2389 383 2448 mepeperisti
394 2390 529 2431 virum
549 2395 717 2430 causam
728 2385 1094 2443 dicentemjudicii
1107 2387 1148 2428 in
1167 2388 1280 2430 omni
1299 2388 1428 2430 terra?

128 2497 136 2511 ¹
158 2491 238 2523 Psal.
253 2500 386 2528 xxxvm,
403 2491 432 2520 5.
452 2507 491 2513 —
511 2499 522 2513 ⁸
547 2500 558 2520 1
579 2489 657 2521 Cor.
677 2497 816 2526 x111,12.
835 2503 875 2511 -·
892 2488 905 2509 3
925 2486 1007 2520 Psal.
1025 2497 1158 2524 xxxvm,
1180 2488 1256 2520 ('.-
1277 2490 1291 2515 ⁴
1308 2488 1424 2528 Ephes.

82 2553 118 2584 ιι,
141 2554 186 2587 ¹9·
209 2562 246 2568 ·-
266 2546 279 2566 ⁵
300 2543 379 2575 Psal.
400 2544 531 2581 cx1x‚5.
