1774 3158
499 308 781 337 lirls'roLARUM
815 308 972 336 massis
1004 311 1029 336 1.
1363 295 1443 344 421

103 396 242 430 torum
262 401 486 428 munerum
509 386 702 429 amiserat
725 385 905 442 pretium
921 419 930 434 ,
958 393 998 427 et
1022 385 1224 427 virtutum
1243 385 1446 427 dotalium

104 466 188 500 tam
214 472 337 514 grave
363 457 547 498 subierat
579 456 867 514 dispendium,
894 465 939 498 ut
967 456 1004 497 ei
1029 456 1236 512 virginalis
1260 456 1448 512 Sponsus

104 528 350 584 eriperetur.
387 527 547 570 Nostris
576 527 687 569 enim
720 526 878 568 meritis
902 527 1088 568 Verbum
1122 527 1195 568 Dei
1225 527 1345 568 nobis
1382 534 1453 568 aut

104 600 230 646 vivit,
254 598 542 646 autmo1·itur;
562 613 658 640 nam
681 597 712 639 si
736 598 846 638 bona
864 598 999 638 studia
1020 607 1143 653 atque
1161 613 1284 654 opera
1312 607 1453 639 nostra

105 669 212 716 sint,
237 668 334 710 vivit
355 677 479 724 atque
502 677 699 725 operatur
725 667 766 708 in
788 667 907 708 nobis
931 667 1004 708 Dei
1032 667 1218 708 Verbum
1245 682 1253 707 ε
1278 667 1310 708 si
1335 676 1455 708 tene·

104 739 238 781 brosze
275 738 547 794 cogitationes
585 738 933 795 operationesque
961 745 1112 779 nostrae
1151 738 1255 785 sint,
1296 738 1453 779 occidit

106 808 227 850 nobis
250 808 321 850 Sol
337 808 506 863 justitiae
520 807 549 850 ¹.
571 808 623 850 Et
640 808 732 850 ideo
751 808 1069 850 lamentandum
1093 807 1294 864 praecepit
1315 822 1390 864 pro
1409 823 1455 848 ea

108 878 257 919 anima.
287 878 391 920 Nam
413 878 521 920 sicut
564 878 642 919 illis
675 879 971 935 gratulandum
1004 886 1046 920 et
1073 879 1331 934 epulandum
1369 886 1442 938 est‘

107 963 205 991 cum
232 948 384 1005 quibus
417 948 601 1006 Sponsus
632 958 715 997 est3
741 949 792 990 ita
833 949 889 990 illi
921 949 1069 990 animae
1108 950 1362 1006 lugendum,
1389 951 1457 991 cui

107 1020 295 1077 Sponsus
322 1019 446 1061 suerit
474 1028 667 1077 ereptus,
698 1020 808 1061 sicut
836 1021 887 1061 de
921 1019 1130 1077 Apostolis
1165 1020 1367 1078 scriptum
1396 1029 1459 1063 est

108 1090 149 1131 in
172 1089 397 1146 Evangelio
425 1105 433 1130 :
458 1090 658 1146 quoniam
683 1108 698 1127 «
724 1090 830 1131 Cum
856 1091 1068 1132 auferetur
1089 1090 1138 1132 ab
1161 1091 1218 1132 eis
1243 1090 1453 1147 Sponsus,

108 1178 123 1198 n
141 1168 240 1201 tunc
261 1159 517 1215 jejunabunt
541 1161 678 1203 inillis
703 1160 890 1203 diebus².
919 1179 934 1199 ι)

168 1232 239 1273 ΙΙΙ.
279 1232 386 1287 Ergo
405 1239 445 1272 et
472 1232 561 1273 hzec
581 1232 716 1272 anima
741 1232 924 1273 habebat
950 1239 1045 1273 ante
1068 1232 1252 1273 laetitiam
1281 1241 1322 1275 et
1339 1233 1460 1274 exul-

107 1302 330 1348 tationem,
357 1317 453 1343 cum
479 1303 655 1344 haberet
680 1308 873 1357 παρθενικὴ]
896 1309 1007 1357 λόγον.
1037 1303 1089 1344 Et
1111 1303 1202 1343 idco
1240 1319 1321 1344 non
1351 1304 1441 1359 jeju

107 1372 257 1419 nabat,
277 1372 371 1427 quia
392 1371 478 1413 dies
500 1381 619 1414 erant
645 1374 865 1429 epularum
888 1381 930 1413 et
951 1372 1214 1421 resectioni53
1234 1388 1328 1415 cun]
1346 1374 1462 1415 ades-

107 1451 170 1482 set
187 1442 394 1499 Sponsus,
416 1443 615 1484 invehens
630 1442 782 1498 quibus
801 1444 944 1483 aderat
958 1475 967 1489 ‚
981 1442 1188 1483 'ubertatis
1208 1443 1458 1490 affluentias,

107 1511 287 1553 coelestis
301 1512 484 1553 alimenti
499 1512 661 1570 copias,
682 1511 766 1552 vini
788 1511 943 1568 rigatus
958 1543 968 1559 ‚
984 1527 1068 1568 quo
1090 1514 1216 1554 corda
1237 1513 1454 1555 hominum

106 1580 398 1623 laetificantur³
423 1597 432 1622 ε
452 1582 524 1623 sed
542 1590 812 1638 posteaquam
828 1581 1168 1639 Sponsumfactis
1192 1584 1274 1625 suis
1292 1584 1454 1633 amisit,

107 1651 279 1707 jubetur
301 1651 343 1692 in
365 1651 502 1693 cilicio
526 1666 647 1708 agere
662 1652 953 1708 poenitentiam
971 1661 1242 1709 peccatorum
1266 1644 1457 1703 suorum,

108 1729 152 1764 et
176 1721 330 1763 deflere
354 1721 644 1778 semetipsam3
669 1722 764 1778 quia
786 1731 978 1763 mortuus
999 1730 1061 1764 est
1081 1731 1123 1765 et
1145 1722 1369 1766 crucifixus
1385 1739 1460 1781 pro

109 1806 157 1833 ea
175 1791 386 1840 Christus,
408 1792 478 1848 qui
499 1800 560 1833 est
584 1799 782 1847 παρθενικὶς
799 1799 911 1850 λόγος.

169 1861 235 1904 IV.
275 1861 317 1903 Si
339 1878 360 1902 a
383 1862 516 1918 prima
535 1870 655 1903 :etate
679 1863 898 1910 convenit,
922 1878 999 1905 nee
1023 1864 1191 1906 alterius
1216 1864 1350 1906 anima
1370 1863 1460 1907 haee

112 1930 278 1973 videtur
300 1940 467 1989 experta
491 1933 706 1988 copulam;
731 1932 804 1973 sed
828 1947 846 1973 a
869 1932 1077 1989 principio
1095 1933 1339 1991 virginalem
1365 1934 1465 1977 fidei

115 2017 200 2043 suae
220 2002 368 2043 ssorem
388 2002 555 2044 Christo
571 2002 736 2051 dicavit,
759 2011 883 2059 atque
897 2003 972 2060 ipsi
994 2003 1139 2061 primis
1161 2005 1360 2046 soederata
1380 2007 1464 2063 pie-

113 2074 208 2115 tatis
233 2073 442 2130 mysteriis
474 2087 613 2115 sacros
635 2072 859 2129 juvencula
898 2075 1035 2116 cultus
1063 2076 1243 2132 recepit3
1284 2076 1370 2133 ipsa
1403 2086 1467 2120 est

111 2145 337 2187 Israelitica
351 2145 486 2185 anima
499 2145 647 2186 veteris
663 2144 870 2203 prosapiae
884 2160 933 2186 ex
943 2160 1098 2202 genere
1107 2145 1462 2196 patriarcharum,

112 2230 202 2271 quae
220 2215 253 2256 si
270 2214 523 2256 inoffensum
544 2214 643 2257 fidei
659 2223 862 2256 servasset
876 2215 1154 2266 curriculum,
1173 2218 1310 2275 magni
1329 2220 1467 2262 meriti

111 2285 218 2327 soret
244 2285 405 2342 Sponsa
426 2284 550 2326 Verbi
577 2285 802 2341 virginalis,
821 2293 1022 2342 tanquam
1037 2287 1104 2329 illa
1125 2302 1216 2344 quae
1237 2289 1470 2345 apprehen·

114 2355 175 2397 dit
195 2353 422 2411 justitiam,
450 2364 492 2396 et
508 2355 689 2397 obviavit
708 2355 765 2397 illi
790 2355 911 2413 quasi
933 2365 1092 2405 mater,
1108 2365 1150 2399 et
1171 2358 1287 2415 quasi
1311 2360 1463 2402 mulier

119 2441 139 2468 a
160 2425 395 2482 virginitate
417 2426 617 2483 suscipiet
642 2427 756 2469 illam
773 2427 806 2468 ⁶.

172 2493 222 2537 V.
260 2496 398 2536 Altera
421 2510 588 2552 quoque
609 2505 671 2539 est
689 2499 890 2555 acquisita
907 2513 957 2541 ex
985 2499 1180 2555 gentibus
1195 2531 1205 2546 ,
1231 2507 1272 2540 et
1292 2507 1471 2556 utraque

115 2565 275 2623 Sponsa
295 2565 418 2607 unius
437 2565 587 2616 Verbi,
613 2569 726 2623 quod
749 2577 812 2611 est
834 2583 1031 2626 magnum
1055 2568 1315 2624 mysterium.
1340 2569 1472 2625 quue

162 2666 171 2680 ¹
195 2656 332 2688 Malach.
355 2668 398 2697 nv,
420 2668 501 2689 2.-
520 2665 530 2679 ·
548 2658 668 2691 matth.
689 2671 737 2722 ¹¹3
752 2661 799 2692 15.
818 2678 853 2685 ——
877 2660 988 2693 ³1’sai.
1005 2670 1074 2694 ειιι,
1097 2661 1142 2690 15.
1165 2677 1203 2683 —-
1222 2661 1233 2686 ⁴
1249 2658 1347 2691 Ereti.
1372 2670 1424 2700 xv,
1448 2671 1479 2692 2.
