1774 3158
513 246 798 276 emsa-omnum
832 247 988 276 crass1s
1022 249 1047 276 1.
1382 233 1466 277 ‘235

117 326 205 368 vult
225 324 508 367 condemnare
544 324 726 366 Arrium.
762 325 908 380 ltaque
936 333 1077 366 utrum
1103 326 1228 382 hujus
1252 326 1467 383 probanda

116 394 320 437 sententia
348 394 399 436 sit
413 426 423 442 ‚
443 394 733 436 considerate:
753 403 794 436 et
813 403 953 436 utrum
975 397 1213 437 secundum
1235 396 1470 453 Scripturas

119 464 256 513 (licat,
273 472 341 506 aut
359 472 504 505 contra
528 463 765 520 Scripturas
784 495 793 512 ,
821 464 1054 521 intelligere
1075 465 1186 506 licet.
1210 465 1384 507 Lectum
1408 474 1471 507 cst

119 533 231 575 enim
258 548 300 575 :«
323 533 583 591 Sempiterna
607 534 734 575 virtus
760 533 836 574 Dei
867 542 990 590 atque
1015 533 1218 575 divinitas.
1246 535 1322 576 Dei
1342 535 1468 576 virtus

122 624 136 645 »
153 605 341 647 Christus
363 604 443 646 est¹
465 604 507 646 P»
523 603 564 645 Si
592 604 717 661 igitur
738 604 990 661 sempiterna
1009 604 1087 645 Dei
1111 605 1239 646 virtus
1255 615 1339 653 est,
1366 621 1470 646 sem-

118 677 305 734 piternus
323 676 468 732 utique
488 675 677 718 Christus
699 683 785 724 est3
813 675 908 731 quia
931 675 1122 716 Christus
1145 684 1206 716 est
1222 675 1298 717 Dei
1321 676 1462 718 virtus.

171 747 380 789 Eusebius
399 747 620 803 episcopus
638 746 740 788 dixit
758 762 766 787 z
783 747 882 788 Haec
904 745 1007 788 fides
1027 753 1165 786 nostra
1184 753 1246 787 cst
1261 778 1271 793 ,
1292 745 1382 788 haze
1405 746 1470 787 iu·-

119 816 347 873 telligentia
366 815 583 858 catholica.
610 817 694 867 Qui
718 817 808 858 haee
831 831 917 858 non
941 816 1112 864 dixerit,
1139 815 1375 858 anathema.

121 928 123 931 ,
176 886 333 928 Omnes
349 885 535 943 episcopi
559 886 759 928 dixerunt
784 901 793 928 :
815 885 1066 928 Anathema.

169 955 281 999 XIV.
308 956 514 998 Eusebius
532 956 757 1014 episcopus
775 957 878 999 dixit
904 972 913 999 ε
940 957 1189 1014 Specialiter
1206 956 1307 999 dicit
1330 959 1468 999 solum

112 1027 278 1069 Patrem
302 1027 632 1082 sempiternum,
655 1035 697 1069 et
722 1028 875 1070 Filium
901 1029 1127 1085 aliquando
1150 1030 1336 1085 coepisse.

169 1097 377 1139 Palladius
397 1097 501 1139 dixit
521 1112 529 1139 :
556 1097 728 1140 Arrium
757 1114 835 1140 nec
860 1099 965 1147 vidi,
995 1115 1072 1141 nec
1092 1100 1180 1142 scio
1201 1100 1272 1156 qui
1294 1099 1359 1141 sit.

170 1166 375 1208 Eusebius
397 1167 620 1224 episcopus
637 1168 737 1210 dixit
758 1183 766 1209 ε
789 1168 897 1210 Arrii
920 1169 1180 1226 blasphemia
1200 1170 1362 1225 prolata
1383 1177 1469 1216 est,

113 1236 155 1278 iu
181 1252 262 1293 qua
292 1245 414 1294 negat
445 1237 523 1279 Dei
554 1238 707 1280 Filium
745 1239 1065 1295 sempiternum.
1104 1240 1222 1281 Hanc
1250 1238 1469 1296 perfidiam

115 1308 290 1349 damnas
314 1322 411 1349 cum
439 1316 633 1357 auctore,
660 1320 731 1350 aut
753 1309 932 1350 asseris?
992 1316 994 1318 ’

114 1422 119 1425 ,
171 1377 381 1420 Palladius
409 1377 511 1420 dixit
536 1393 544 1419 :
574 1378 651 1421 Ubi
673 1380 899 1421 auctoritas
923 1380 1035 1437 pleni
1064 1380 1242 1423 Concilii
1268 1394 1354 1422 non
1385 1387 1468 1427 est,

113 1463 200 1490 non
224 1449 335 1491 dico.

172 1520 266 1563 XV.
299 1519 547 1562 Ambrosius
580 1521 801 1578 episcopus
837 1520 940 1564 dixit.
965 1522 1174 1564 :Dubitas
1205 1531 1302 1579 post
1330 1523 1468 1566 divina

113 1589 268 1646 judicia
294 1590 494 1633 damnare
517 1590 687 1633 Arrium
704 1621 715 1639 ,
744 1607 840 1633 cum
863 1592 1076 1649 crepuerit
1103 1593 1300 1635 medius?
1323 1594 1373 1636 Et
1394 1596 1469 1636 ad-

113 1660 219 1702 didit
240 1661 423 1703 :Dicant
446 1661 572 1703 etiam
594 1662 726 1704 sancti
751 1663 829 1703 viri
851 1663 975 1720 legati
1000 1663 1232 1705 Gallorum.

174 1730 443 1774 Constantius
465 1731 686 1788 episcopus
704 1741 745 1773 et
769 1733 931 1788 legatus
950 1732 1167 1774 Gallorum
1195 1732 1298 1774 dixit
1318 1748 1326 1774 :
1350 1733 1469 1775 Hanc

114 1801 373 1858 impietatem
397 1801 488 1858 ejus
508 1801 690 1843 hominis
713 1810 755 1843 et
782 1817 948 1858 semper
973 1803 1276 1850 damnavimus,
1299 1811 1340 1844 et
1358 1818 1470 1844 nunc

116 1874 363 1913 damnamus
380 1886 464 1913 non
489 1873 624 1913 solum
651 1871 821 1912 Arrium
838 1888 847 1921 ;
867 1872 940 1914 sed
970 1881 1011 1914 et
1037 1873 1294 1929 quicumque
1315 1873 1470 1915 Filium

115 1942 190 1984 Dei
213 1957 297 1983 non
317 1942 466 1983 dixerit
487 1942 803 1998 sempiternum.

174 2012 422 2055 Ambrosius
447 2011 669 2069 episcopus
692 2011 793 2053 dixit
821 2026 829 2052 τ
858 2010 971 2063 Quid
996 2011 1120 2053 etiam
1148 2011 1249 2053 dicit
1265 2012 1469 2055 Dominus

116 2097 235 2125 meus
257 2081 432 2124 Justns?

173 2152 317 2194 Justus
335 2151 555 2209 episcopus
573 2159 614 2193 ct
636 2152 798 2207 legatus
823 2151 1040 2193 Gallorum
1062 2151 1192 2193 dixit:
1220 2151 1302 2203 Qui
1319 2152 1474 2194 Filium

116 2224 193 2267 Dei
228 2226 483 2266 coaeternum
521 2238 616 2265 cum
655 2223 776 2265 Patre
822 2238 910 2265 non
953 2222 1206 2272 confitetur,
1251 2224 1469 2265 anathema

118 2293 338 2336 habeatur.

175 2364 332 2405 Omnes
359 2363 543 2421 episcopi
567 2361 760 2404 dixerunt
782 2377 790 2404 :
822 2362 1030 2405 Anathem
1042 2379 1076 2405 a.

175 2433 291 2477 XVI.
327 2433 574 2476 Ambrosius
587 2433 808 2491 episeopus
828 2433 929 2475 dixit
944 2449 952 2474 t
970 2434 1121 2475 Dicant
1135 2433 1260 2476 etiam
1273 2433 1468 2477 Afrorum

116 2506 267 2563 legati,
293 2505 364 2562 qui
387 2505 577 2547 omnium
602 2505 757 2547 civium
775 2505 860 2548 huc
878 2506 1059 2547 attulere
1083 2505 1325 2547 sententias.

166 2607 174 2621 ¹
194 2599 288 2630 Rom.
304 2609 326 2636 ι,
346 2608 394 2636 20,
416 2603 446 2630 et
467 2608 478 2629 1
499 2598 576 2629 Cor.
599 2608 619 2634 ι,
636 2598 667 2629 S.
