1774 3158
306 248 388 297 846
854 261 884 287 s.
925 260 1115 288 AMBROSH

309 338 447 380 audivi
467 337 679 380 dicentem
700 352 708 379 :
727 338 842 389 «Qui
861 339 1093 396 perdiderit
1127 338 1308 381 ani-mam
1343 355 1459 383 suam
1489 350 1661 400 propter

306 424 418 458 nme,
450 409 633 451 inveniet
658 424 750 451 eam
773 409 803 451 ¹.
827 427 841 448 n
900 409 941 452 U*

358 479 432 521 IX.
473 480 580 537 Ergo
613 480 645 521 si
689 481 774 521 vult
809 480 1042 528 Dominus,
1078 489 1242 522 certum
1280 490 1341 524 est
1376 485 1489 539 quod
1519 484 1661 526 nullus

303 550 493 592 obsistat.
527 551 653 601 Quod
689 550 721 592 si
762 551 898 594 adhue
936 560 1078 592 nostra
1109 550 1247 594 differt
1276 554 1530 603 certamina,
1560 554 1663 610 quid

301 619 534 661 veremini?
567 619 744 661 Servum
780 620 930 663 Christi
960 636 1046 664 non
1072 622 1262 664 custodia
1299 623 1556 680 corporalis,
1591 623 1663 666 sed

299 690 469 733 Domini
492 690 756 748 providentia
779 692 913 749 sepire
936 692 1169 734 consuevit.

359 761 416 804 X.
453 761 629 803 Turbati
657 761 756 803 estis
779 762 876 818 quia
905 770 1066 820 apertas
1091 762 1302 820 reperistis
1322 763 1508 821 geminas
1527 763 1660 814 sores,

300 848 401 891 quas
426 840 571 889 captus
595 832 729 874 oeulis
757 834 950 890 quidam,
977 835 1078 875 dum
1102 834 1333 891 hospitium
1357 836 1576 892 proprium
1603 851 1666 877 re-

302 904 423 962 petit,
446 903 692 961 patefecisse
710 914 984 947 memoratur.
1013 904 1060 946 In
1089 921 1171 962 quo
1199 907 1442 963 cognoscite
1464 907 1577 963 quod
1600 907 1665 949 ni-

303 976 364 1018 hil
392 975 643 1032 suffragetur
675 975 860 1017 humana
893 977 1094 1019 custodia.
1127 976 1239 1019 Eece
1270 993 1377 1019 unus
1404 978 1475 1034 qui
1498 977 1666 1020 videndi

304 1062 459 1089 munus
486 1046 640 1095 amisit,
666 1047 785 1088 solvit
808 1056 944 1089 vestra
967 1047 1159 1089 universa
1178 1049 1432 1098 munimina,
1459 1056 1500 1089 et
1522 1057 1667 1091 custo-

304 1117 389 1159 dias
414 1117 511 1159 lusit
542 1132 551 1158 τ
582 1117 786 1159 Dominus
817 1126 957 1159 autem
992 1132 1075 1159 suae
1106 1118 1405 1160 miserieordiae
1431 1119 1666 1160 custodiam

304 1203 390 1230 uon
415 1188 570 1230 amisit.
592 1189 743 1230 Nonne
766 1195 860 1230 ante
884 1187 1084 1238 biduum,
1112 1196 1158 1230 ut
1179 1188 1448 1235 meministis,
1473 1188 1599 1230 etiam
1623 1189 1668 1230 il-

305 1259 379 1301 lud
412 1267 628 1316 repertum
666 1267 754 1306 est,
784 1260 897 1316 quod
925 1274 946 1300 a
977 1267 1097 1314 parte
1128 1259 1217 1301 leva
1249 1258 1433 1301 basilicae
1457 1258 1666 1316 ingressus

305 1329 476 1386 quidam
512 1329 680 1387 pervius
706 1330 803 1381 suit,
835 1345 960 1386 quem
986 1330 1197 1387 putabatis
1221 1331 1408 1371 clausum
1433 1345 1522 1371 esse
1546 1338 1668 1386 atque

305 1399 551 1441 munitum?
575 1400 808 1457 Sepserunt
839 1415 991 1458 nempe
1024 1400 1171 1442 armati
1197 1400 1412 1442 basilicam
1433 1433 1441 1449 ‚
1475 1401 1669 1457 explora-

303 1470 407 1512 bant
428 1470 503 1511 hos
525 1478 648 1527 atque
665 1471 755 1512 iilos
779 1471 946 1513 aditus:
975 1471 1161 1513 caecitate
1179 1470 1336 1527 perfusi
1353 1479 1464 1522 sunt,
1484 1479 1530 1512 ut
1550 1471 1667 1527 quod

305 1549 496 1599 apertum
519 1549 636 1590 erat,
671 1541 812 1583 videre
848 1556 931 1582 non
957 1549 1157 1598 possent:
1188 1540 1327 1597 itaque
1361 1555 1436 1598 per
1464 1541 1663 1597 plurimas

305 1619 452 1654 noctes
474 1614 587 1669 quod
606 1620 799 1669 apertum
820 1612 964 1661 suerit,
992 1627 1075 1654 non
1104 1611 1315 1667 ignoratis.
1348 1610 1536 1652 Desinite
1571 1626 1670 1667 ergo

307 1681 551 1730 sollicitari3
579 1682 674 1738 quia
710 1681 791 1723 hoc
817 1681 918 1731 erit,
952 1682 1068 1739 quod
1092 1680 1284 1723 Christus
1312 1680 1460 1737 jubet,
1492 1689 1535 1722 et
1557 1681 1672 1737 quod

306 1768 396 1794 esse
416 1753 600 1810 expedit.

366 1822 444 1865 XI.
481 1823 674 1879 Denique
707 1822 897 1879 exempla
929 1821 1049 1864 vobis
1079 1821 1199 1879 Legis
1234 1821 1460 1878 proferam.
1507 1820 1666 1862 Eliseus

307 1895 577 1952 quaerebatur
598 1911 618 1936 a
642 1909 740 1950 rege
769 1892 900 1950 Syriae
917 1925 926 1941 ,
952 1893 1102 1934 missus
1125 1901 1214 1935 erat
1237 1891 1446 1934 exercitus
1474 1892 1544 1948 qui
1571 1906 1667 1933 eum

306 1973 501 2022 caperet,
527 1964 871 2007 circumvallatus
895 1972 984 2006 erat
1006 1962 1194 2020 undique
1221 1979 1230 2003 ε
1256 1962 1385 2019 coepit
1407 1962 1555 2004 timere
1581 1961 1673 2018 ejus

311 2037 531 2084 servulus;
565 2035 661 2092 quia
688 2035 878 2076 servulus
908 2043 1023 2084 erat,
1054 2033 1136 2076 hoc
1167 2041 1254 2081 est,
1291 2048 1376 2075 non
1409 2041 1500 2074 erat
1531 2033 1674 2075 liberae

313 2107 491 2156 mentis,
527 2116 569 2149 et
597 2107 739 2148 liberae
772 2105 1002 2163 potestatis.
1038 2104 1189 2146 Petivit
1222 2103 1374 2161 aperiri
1406 2103 1496 2160 ejus
1529 2105 1673 2146 oeulos

311 2186 480 2220 sanctus
501 2177 727 2234 Propheta,
751 2183 793 2217 et
812 2176 867 2217 ait
887 2190 897 2216 t
915 2192 930 2213 (ι
950 2174 1141 2232 Respice,
1168 2182 1210 2216 et
1232 2174 1328 2216 vide
1353 2182 1512 2230 quanto
1531 2175 1673 2232 plures

313 2248 425 2291 »sint
446 2262 522 2306 pro
545 2247 682 2295 nobis,
709 2261 835 2304 quam
863 2254 1006 2288 contra
1032 2244 1150 2288 nos².
1175 2263 1190 2284 n
1211 2245 1260 2286 Et
1285 2244 1488 2302 respexit,
1511 2253 1553 2286 et
1572 2245 1675 2288 vidit

311 2319 570 2376 Angelorum
589 2317 733 2359 millia.
762 2315 1012 2359 Advertistis
1036 2315 1163 2373 igitur
1182 2316 1295 2372 quod
1312 2316 1497 2357 servulos
1517 2313 1673 2357 Christi

312 2391 341 2432 ii
358 2389 488 2446 magis
506 2388 764 2437 custodiant,
787 2387 857 2444 qui
880 2402 965 2429 non
990 2387 1204 2435 videntur,
1221 2401 1345 2443 quam
1369 2386 1441 2442 qui
1463 2385 1668 2428 videntur.

309 2460 394 2503 Sed
416 2468 458 2501 et
488 2459 545 2500 ini
578 2459 611 2500 si
647 2458 919 2506 custodiunt,
954 2458 1101 2499 vestris
1137 2457 1383 2499 custodiunt
1413 2456 1672 2498 orationihus

313 2528 533 2573 advocati:
560 2528 716 2585 legistis
745 2543 897 2585 nempe
927 2543 998 2570 eos
1027 2528 1159 2584 ipsos,
1192 2525 1264 2583 qui
1289 2526 1473 2569 Eliseum
1508 2540 1667 2582 quaere·

359 2628 369 2644 ¹
389 2619 511 2653 Mduh.
529 2630 560 2659 x,
576 2619 628 2663 59.
647 2637 685 2643 —
706 2628 717 2644 ⁸
739 2619 752 2657 4‘
775 2620 852 2660 lieg.
872 2629 913 2649 vi.
935 2619 983 2650 16.
