1774 3158
377 275 427 301 DE
460 273 552 300 FIDE
584 270 946 306 RESURRECTIONIS‚
980 273 1059 300 LIB·
1099 273 1144 301 11.
1396 257 1450 315 59
1489 295 1495 300 ,

100 358 296 393 »terram
337 349 498 392 Cadent
527 349 598 405 qui
624 348 859 390 inhabitant
885 349 1069 391 terram²
1091 383 1102 399 ,
1136 358 1357 408 resurgent
1383 349 1454 406 qui

100 421 170 462 »in
192 420 474 462 monumentis
498 429 651 467 sunt3»
666 433 733 460 ros
767 418 878 459 enim
909 417 978 474 qui
1015 419 1086 460 ahs
1120 429 1184 468 te,
1209 420 1361 461 sanitas
1390 427 1453 461 est

98 492 177 534 illis
192 526 200 539 ‚
222 500 331 534 terra
349 507 446 534 vero
464 491 689 547 impiorum
711 490 875 547 peribit.
899 489 1101 538 Ambula,
1118 493 1298 548 populus
1316 506 1450 538 meus,

96 570 138 603 et
165 562 272 603 intra
295 562 334 603 in
357 568 545 604 recessus
572 569 677 603 tuos.
705 559 980 602 Ahscondere
1011 559 1315 615 aliquantulum
1332 594 1341 609 ,
1375 561 1451 602 do-

94 646 171 673 nec
196 640 379 673 transeat
401 631 460 672 ira
482 632 570 673 Dei.

151 699 340 742 LXVIII.
367 692 517 752 vQuam
554 701 662 742 bene
697 715 890 742 recessus
921 714 1011 742 esse
1049 698 1228 755 signavit
1263 699 1447 740 tumulos

92 781 356 813 mortuorum
375 805 385 820 ‚
415 772 566 829 quibus
589 772 866 830 pauxillulum
890 771 1213 819 abscondimur3
1249 779 1295 812 ut
1318 770 1357 811 in
1378 770 1447 826 ju-

93 842 250 885 dicium
275 842 375 891 Dei,
397 844 511 900 quod
532 859 608 901 pro
629 843 781 885 nostris
802 842 1030 885 sceleribus
1048 842 1114 898 jus
1136 841 1288 885 debitae
1314 841 1446 897 indig-

90 912 270 955 nationis
314 922 520 962 assumet,
557 914 814 956 tolerabilius
845 914 1020 956 transire
1059 913 1293 971 possimus!
1336 911 1445 954 Vivit

91 981 216 1039 igitur
236 984 306 1040 qui
331 985 603 1026 absconditur
631 994 673 1027 et
696 985 897 1042 quiescit,
923 985 1040 1041 quasi
1061 1001 1084 1027 e
1106 985 1246 1026 medio
1273 999 1316 1026 se
1343 983 1444 1024 sub-

89 1053 259 1095 trahens
288 1063 329 1096 et
361 1056 584 1104 recedens;
615 1071 666 1097 ne
702 1071 798 1097 eum
826 1055 1076 1098 arctioribus
1101 1055 1260 1112 laqueis
1293 1052 1442 1095 mundi

87 1123 213 1180 hujus
241 1125 423 1167 involvat
445 1141 657 1175 aerumna,
687 1127 839 1182 quibus
868 1126 1092 1182 repositam
1124 1123 1442 1167 resurrectionis

88 1208 177 1235 esse
197 1195 407 1243 laetitiam,
446 1197 753 1252 sanitatemque
781 1211 1008 1254 corporum
1036 1197 1270 1237 solutorum
1299 1194 1441 1236 divino

86 1256 181 1306 rore
218 1267 520 1322 reparabilem,
556 1267 739 1309 coelestia
771 1269 939 1309 oracula
971 1266 1228 1324 propheticis
1265 1264 1440 1307 vocibus

85 1335 352 1391 pollicentur.
379 1338 429 1379 Et
451 1338 560 1379 bene
581 1353 647 1379 ros
664 1337 953 1395 significatur,
980 1352 1063 1393 quo
1084 1336 1276 1393 genitalia
1299 1334 1439 1376 onmia

85 1414 295 1449 terrarum
322 1408 480 1450 semina
502 1409 767 1451 suscitantur.
801 1408 920 1460 Quid*
939 1408 1065 1464 igitur
1092 1407 1248 1449 mirum
1267 1405 1300 1447 si
1322 1404 1438 1447 fatis-

85 1478 221 1520 centis
260 1493 426 1536 quoque
459 1480 646 1536 corporis
668 1479 799 1521 nostri
827 1478 988 1521 cineres
1030 1493 1076 1521 ac
1102 1477 1249 1520 favillae
1269 1476 1440 1534 pingue-

89 1549 188 1591 dine
209 1551 387 1592 coelestis
414 1551 519 1592 roris
543 1552 798 1600 exuberant,
819 1559 860 1592 et
884 1557 1055 1607 accepto
1086 1550 1265 1591 humore
1297 1547 1434 1595 vitali,

84 1621 125 1662 in
143 1622 434 1678 compaginem
459 1637 574 1664 suam
597 1622 888 1664 membrorum
917 1629 1157 1663 nostrorum
1181 1619 1348 1662 habitus
1369 1634 1437 1660 re-

80 1691 349 1734 formantur?
1434 1744 1440 1747 μ

139 1760 291 1804 LXIX.
320 1762 453 1804 Docet
471 1763 596 1804 etiam
616 1772 785 1805 sanctus
801 1762 999 1805 Ezechiel
1015 1762 1236 1820 propheta,
1259 1770 1300 1803 et
1316 1762 1438 1817 plena

83 1833 339 1889 expositione
362 1834 585 1882 describit,
611 1835 972 1890 quemadmodum
1002 1834 1215 1874 arentibus
1234 1833 1352 1889 vigor
1371 1846 1438 1874 os-

83 1901 196 1943 sibus
223 1902 493 1951 refundatur,
514 1919 659 1945 sensus
687 1905 857 1952 redeat,
883 1912 1024 1944 motus
1051 1903 1254 1950 accedat,
1278 1901 1441 1943 nervis·-

81 1987 162 2028 que
198 1973 471 2015 redeuntibus
496 2007 505 2021 ‚
544 1975 734 2031 corporis
767 1989 977 2032 compago
1010 1974 1190 2031 rigescat
1221 1973 1395 2015 humani
1427 1987 1436 2013 τ

81 2044 437 2099 quemadmodum
460 2044 583 2088 nimis
605 2045 717 2087 arida
735 2046 889 2087 renatis
907 2061 997 2087 ossa
1012 2044 1244 2086 visceribus
1255 2044 1438 2086 vestian-

79 2120 149 2153 tur
172 2111 298 2169 (21),
317 2129 603 2171 venarumque
620 2115 778 2164 hiatus,
799 2125 841 2158 et
857 2114 1069 2172 sanguinis
1087 2115 1241 2156 rivulos
1259 2122 1437 2156 extentae

79 2183 188 2225 cutis
204 2184 393 2227 velamen
412 2185 609 2228 obducat.
632 2186 680 2228 In
698 2186 794 2243 ipsis
809 2220 819 2235 ‚
844 2188 943 2228 dum
959 2186 1159 2242 legimus,
1181 2184 1437 2242 propheticis

78 2254 343 2305 sermonibus
366 2255 649 2298 humanorum
673 2257 839 2299 videtur
862 2271 978 2313 seges
1004 2270 1235 2312 corporum
1257 2255 1439 2297 rediviva

78 2338 332 2381 consurgere
349 2359 358 2373 ,
384 2334 508 2382 atque
530 2327 616 2384 ipsa
637 2327 769 2385 spatia
793 2327 944 2370 diffusa
967 2342 1219 2384 camporum
1243 2326 1359 2368 novis
1382 2327 1436 2368 vi-

78 2397 175 2437 deas
198 2397 404 2452 pullulare
425 2398 669 2441 seminibus.

136 2464 270 2508 LXX.
310 2466 480 2518 Quodsi
498 2477 658 2511 veteres
675 2468 892 2526 Sapientes
914 2469 1014 2526 (22)
1038 2468 1134 2511 satis
1149 2468 1283 2526 Hydri
1303 2468 1434 2510 denti-

76 2534 154 2576 bus
182 2535 225 2576 iu
253 2536 423 2593 regione
449 2538 647 2582 Thebana
675 2539 931 2582 inhorruisse
955 2547 1214 2582 armatorum
1248 2547 1432 2596 segetem

121 2624 128 2637 ¹
151 2615 234 2647 Esa‘i.
254 2627 343 2654 xxvi,
369 2618 414 2650 ιδ.
