1774 3158
269 259 355 309 218
820 276 849 303 s.
889 269 1081 304 Aiissnosn

263 367 334 401 net
364 359 481 401 dabis
521 359 634 401 illam
674 356 715 398 in
750 371 855 414 opus
887 356 1168 399 Tabernaculi
1199 355 1451 406 testimonii,
1475 365 1518 399 et
1547 357 1628 401 erit

264 428 388 471 »siliis
410 430 540 471 Israel
565 428 801 486 legitimum
834 426 1080 469 memoriale
1102 426 1145 468 in
1172 435 1406 484 conspectu
1429 427 1627 477 Domini,

267 515 469 542 »exorare
489 514 565 556 pro
591 498 739 540 animis
761 497 950 540 vestris¹.
975 516 990 536 n

324 569 392 612 IV.
431 571 492 612 Ita
524 585 623 627 ergo
665 570 809 611 deerat
835 570 900 610 vel
934 568 1074 617 dives,
1105 568 1174 625 qui
1208 569 1302 625 plus
1335 568 1534 618 oss'erret3
1565 569 1631 612 vel

263 657 446 699 pauper,
472 641 545 700 qni
579 641 718 683 minus
748 640 950 689 haberet,
977 640 1009 681 si
1037 640 1077 681 in
1104 640 1285 698 pecunia
1315 638 1538 682 dimidium
1573 640 1633 682 di-

265 713 517 756 drachmum
545 713 680 760 istud,
706 720 748 755 et
767 727 850 753 non
877 712 918 754 in
938 712 1093 754 virtute
1115 711 1254 753 esset?
1273 712 1392 754 Unde
1414 712 1632 753 adverten-

266 786 367 827 dum
392 785 504 841 qnod
527 799 612 826 non
633 784 863 826 materialis
893 784 971 826 ista
989 817 998 832 ,
1023 782 1097 825 sed
1129 783 1405 839 intelligibilis
1429 782 1632 825 drachma

272 856 344 903 sit,
371 872 463 913 quae
487 872 537 897 ex
559 870 679 912 {equo
699 856 749 897 ab
773 855 971 897 omnibus
991 855 1248 897 conserenda
1270 855 1514 897 aestimatur.

328 926 374 969 V.
406 926 596 982 Denique
618 926 744 967 etiam
765 926 815 967 do
836 926 902 967 illa
921 926 1081 968 coelesti
1104 925 1325 980 esea(esca
1344 934 1484 967 autem
1509 933 1550 966 et
1567 924 1636 973 de-

269 997 438 1040 lectatio
463 996 651 1038 alimenti
688 996 870 1037 coelestis
904 996 1107 1052 sapientia
1137 1004 1223 1045 est,
1250 1011 1330 1052 qua
1354 995 1636 1037 vescebantur

268 1068 309 1109 in
334 1067 527 1125 paradiso
547 1065 674 1107 locati
687 1098 696 1113 ‚
712 1066 782 1122 qni
798 1075 889 1107 erat
909 1065 1156 1108 indeficiens
1178 1067 1326 1108 animae
1343 1065 1465 1108 cibus
1482 1099 1492 1115 ‚
1507 1079 1634 1122 quem

269 1137 434 1179 vocavit
457 1151 612 1178 manna
635 1136 799 1177 divinus
824 1138 986 1193 sermo)
1009 1136 1064 1178 ita
1087 1136 1266 1193 legimus
1291 1135 1636 1177 distributionem

271 1209 424 1251 saetam
454 1223 528 1266 per
556 1207 738 1264 singulas
770 1207 955 1256 animas,
980 1216 1026 1249 ut
1052 1207 1223 1263 aequalis
1256 1206 1376 1249 fieret
1402 1206 1563 1248 divisio.
1585 1205 1638 1247 Et

273 1281 536 1337 collegerunt
571 1280 804 1320 secundum
853 1277 1173 1337 dispositionem
1213 1277 1371 1334 Moysi,
1403 1277 1474 1333 qui
1511 1275 1638 1334 pluri-

274 1366 416 1398 mum,
455 1358 495 1392 et
533 1349 603 1406 qui
647 1348 895 1390 minimum²
937 1364 946 1390 :
989 1357 1030 1390 et
1059 1362 1303 1390 mensuram
1346 1346 1538 1389 fecerunt
1575 1359 1640 1403 go·

272 1437 365 1464 mor
400 1422 489 1477 (81)
509 1453 519 1468 ,
543 1429 583 1462 et
606 1434 695 1461 non
719 1419 973 1468 abundavit,
1003 1433 1083 1460 nee
1112 1417 1320 1475 superfuit
1347 1417 1410 1466 ei,
1435 1416 1506 1474 qui
1527 1415 1639 1458 mul-

274 1501 364 1534 tum
379 1523 390 1542 ,
410 1499 451 1533 et
468 1491 505 1532 ei
529 1490 600 1547 qui
623 1491 764 1532 minus
781 1524 791 1540 ‚
819 1505 903 1531 non
923 1489 1068 1532 defuit.
1099 1488 1396 1545 Unusquisque
1418 1487 1531 1530 enim
1563 1501 1639 1544 pro

271 1578 450 1606 numero
471 1564 734 1610 animarum,
761 1561 833 1618 qui
858 1562 969 1618 apud
987 1576 1030 1602 se
1053 1568 1143 1602 erat
1160 1559 1202 1602 in
1224 1558 1507 1602 tabernaculis
1522 1592 1533 1608 ,
1558 1559 1641 1601 col-

275 1636 470 1692 legerunt
487 1650 561 1692 per
575 1633 737 1691 singula
761 1632 896 1690 capita
920 1646 1093 1688 gomor,
1114 1630 1155 1673 id
1173 1638 1257 1679 est,
1278 1644 1520 1672 mensuram
1537 1627 1638 1677 vini,

277 1707 385 1748 sicut
409 1705 537 1747 habet
558 1703 863 1762 interpretatio.

337 1776 401 1818 Vl.
441 1776 512 1817 Est
531 1784 673 1817 autem
699 1788 893 1816 mensura
929 1772 1171 1830 sapientiae,
1196 1787 1288 1829 qnae
1310 1770 1343 1814 si
1372 1785 1499 1828 supra
1526 1784 1642 1812 men-

277 1863 418 1892 suram
446 1847 498 1888 sit
518 1880 525 1893 ‚
554 1855 707 1894 nocet3
733 1844 828 1902 quia
853 1844 1059 1902 scriptum
1080 1852 1144 1886 est
1170 1860 1179 1883 ε
1199 1861 1213 1880 ιι
1233 1841 1327 1886 Noli
1349 1857 1440 1884 esse
1461 1841 1644 1883 multum

278 1919 516 1977 »sapiens³.
543 1918 624 1960 »Et
646 1918 799 1960 Paulus
839 1915 984 1958 docuit
1014 1914 1250 1957 secundum
1287 1927 1530 1955 mensuram
1554 1910 1644 1953 dari

281 1991 527 2034 divisionem
552 1988 779 2047 gratiarum
798 2021 807 2036 ,
829 2002 927 2029 cum
947 1985 1048 2028 dicit
1066 2001 1074 2027 :
1092 2004 1107 2024 «
1133 1985 1242 2037 Quia
1267 1983 1497 2040 unicuique
1521 1983 1646 2024 datur

280 2062 591 2105 »manifestatio
610 2060 779 2117 spiritus
809 2060 859 2100 ad
883 2057 1130 2104 utilitatem,
1154 2055 1221 2097 alii
1240 2069 1379 2097 sermo
1404 2052 1641 2110 sapientiae,

283 2133 382 2175 »alii
423 2147 561 2174 sermo
602 2130 809 2177 scientiae,
848 2128 917 2170 alii
961 2126 1064 2169 fides
1096 2124 1310 2183 sapientiae
1341 2139 1418 2182 per
1452 2123 1646 2182 spiritum

281 2224 296 2243 ι)
315 2203 500 2246 scientiae
531 2202 767 2244 seeundum
800 2199 999 2241 eumdem
1037 2198 1257 2256 spiritum,
1286 2195 1391 2239 fides
1421 2195 1463 2237 in
1496 2197 1647 2238 eodem

284 2297 298 2316 ‚³
315 2275 487 2333 spiritu¹⁴
510 2290 521 2322 ;
547 2292 561 2311 ο
577 2280 619 2314 et
639 2269 767 2312 dividi
799 2285 890 2312 eam
915 2267 1090 2327 gratiam
1119 2267 1355 2310 secundum
1383 2266 1648 2308 voluntatem

285 2348 479 2406 Spiritus.
502 2345 629 2398 Quod
650 2342 820 2392 dividit,
844 2340 1051 2398 aequitatis
1075 2348 1166 2382 est:
1189 2338 1303 2396 quod
1327 2346 1468 2380 autem
1499 2351 1647 2380 secun-

284 2421 384 2462 dum
409 2418 666 2460 voluntatem
689 2428 806 2456 suam
833 2410 1003 2459 dividit,
1027 2409 1258 2468 potestatis,
1276 2406 1356 2451 Vel
1372 2406 1470 2465 quia
1487 2406 1531 2450 id
1547 2406 1645 2450 velit

278 2488 507 2545 unicuique
525 2486 718 2529 conferre
732 2517 742 2533 ,
763 2484 879 2541 quod
900 2482 1172 2541 profuturum
1198 2477 1376 2522 noverit.

334 2601 342 2615 ⁸
365 2589 467 2623 Exod.
483 2601 559 2628 xxx,
578 2588 691 2622 12-16.
710 2606 750 2614 -
767 2595 778 2611 ¹
801 2587 853 2620 ld.
870 2586 1075 2628 xvi,17,18.
1098 2602 1137 2610 -
1152 2586 1165 2608 ³
1184 2582 1281 2616 Eccli.
1296 2592 1355 2618 vn,
1376 2591 1426 2622 ¹5·
1442 2597 1481 2605 -
1499 2581 1512 2608 ⁴
1538 2589 1552 2611 x
1567 2578 1648 2611 Cor.

290 2657 350 2685 ιιι,
365 2657 396 2688 7,
415 2650 446 2677 et
467 2654 557 2687 seqq.
