1774 3158
490 267 774 298 ssr1sroLAnnM
806 269 964 298 cmssxs
997 270 1025 299 1.
1357 260 1444 318 459

97 349 276 406 quadam
293 346 564 404 inscriptione
580 347 823 390 formatum.
843 348 1083 392 Tantumne
1101 349 1229 407 igitur
1245 352 1444 395 caecitatis

99 427 176 466 cst,
206 426 253 459 ut
278 432 362 459 non
389 417 605 460 videamus
627 417 866 460 manifestas
898 433 1040 460 rerum
1074 421 1376 477 expressioneS,
1404 432 1447 466 et

98 491 300 531 virtutum
324 487 556 544 imagines?
579 488 628 530 Et
651 478 775 544 quam
799 488 1038 546 indignum,
1061 498 1106 531 ut
1128 493 1272 549 populi
1296 494 1446 552 integri

98 560 297 601 obediant
323 559 515 599 humanis
543 558 721 615 legibus,
747 574 829 616 quo
857 560 938 601 siut
963 560 1166 603 libertatis
1189 563 1443 620 participes:

98 629 304 686 sapientes
334 637 473 669 autem
501 643 640 669 veram
664 629 797 685 legem
825 637 983 670 naturae
1013 643 1249 686 expressam
1274 633 1324 673 ad
1348 632 1446 675 ima-

97 699 235 755 ginem
265 698 359 745 Dei,
385 712 610 753 veramque
634 699 839 740 rationem
868 698 1107 754 signiferam
1140 700 1342 742 libertatiS
1375 716 1448 743 ne·

98 768 254 826 gligaut
278 776 319 808 et
342 767 656 823 derelinquant3
694 782 791 809 cum
824 768 864 808 in
897 782 944 808 ea
976 775 1090 809 tanta
1121 768 1291 811 libertas
1315 770 1380 822 sit,
1404 779 1450 812 ut

98 838 258 895 parvuli
278 837 430 878 servire
448 838 554 878 vitiis
574 837 824 880 nesciamus.
853 838 973 879 alieni
998 838 1047 879 ab
1072 838 1148 886 ira,
1171 847 1333 879 exortes
1356 854 1451 880 ava-

99 909 218 955 ritiae,
244 908 372 964 ignari
396 907 612 949 libidinis?
635 907 772 957 Quam
796 907 996 949 miserum
1023 908 1167 965 igitur,
1193 917 1239 949 ut
1265 908 1334 964 qui
1361 924 1450 951 nas-

99 978 235 1020 cimur
262 978 300 1018 iu
324 977 533 1024 libertate,
564 978 798 1019 moriamur
821 978 862 1019 in
885 979 1104 1020 servitute!

156 1048 359 1091 XXXIII.
397 1048 480 1090 Sed
502 1048 584 1090 hoc
613 1048 660 1089 fit
687 1049 853 1090 levitate
881 1049 1024 1098 animi,
1053 1057 1177 1105 atque
1206 1048 1450 1092 infirmitate

99 1134 263 1159 morum
281 1135 291 1166 3
318 1119 412 1174 quia
431 1133 551 1160 curas
570 1119 712 1160 inanes
731 1119 952 1167 volvimus,
984 1127 1026 1161 et
1054 1133 1280 1176 operamur
1302 1134 1450 1176 super-

98 1204 227 1231 vacua
245 1190 465 1246 :sapientis
487 1197 626 1231 autem
652 1204 743 1238 cor,
769 1198 995 1246 actumque
1013 1198 1060 1231 et
1086 1204 1193 1246 opus
1214 1188 1452 1231 radicatum

98 1275 186 1302 esse
212 1260 333 1301 decet
365 1269 488 1315 atque
521 1260 750 1302 immobile.
774 1260 862 1301 Hoc
887 1260 1031 1302 docuit
1061 1260 1248 1316 Moyses,
1282 1261 1450 1316 quando

99 1347 247 1372 manus
270 1331 307 1372 ei
330 1331 540 1387 graviores
562 1330 735 1379 fiebant,
759 1331 813 1372 ita
837 1338 882 1372 ut
903 1331 971 1372 vix
993 1330 1217 1372 sustineret
1240 1346 1308 1372 eas
1330 1330 1452 1373 Jesus

99 1401 211 1445 Nave
224 1401 254 1444 ¹.
277 1402 462 1458 Ideoque
478 1401 675 1442 vincebat
691 1403 869 1458 populus
887 1403 1056 1458 quando
1072 1416 1156 1443 non
1169 1401 1454 1459 perfunctoria

99 1473 352 1530 gerebantur
374 1487 517 1528 opera,
543 1473 615 1512 sed
638 1472 760 1528 plena
784 1471 981 1527 ponderis
1006 1479 1130 1527 atque
1157 1471 1338 1523 virtutis,
1368 1486 1452 1513 non

100 1541 283 1583 nutantis
307 1541 451 1589 animi,
471 1556 548 1583 nec
570 1541 790 1582 titubantis
808 1540 979 1588 affectu,
1003 1541 1076 1582 sed
1094 1540 1278 1582 sundatae
1300 1541 1453 1583 mentis

100 1613 335 1654 stabilitate.
354 1612 463 1669 Ergo
476 1612 638 1669 sapiens
653 1613 841 1654 extendit
855 1627 1003 1653 manus
1017 1627 1126 1660 suas,
1142 1614 1293 1653 stultus
1312 1620 1451 1654 autem

100 1683 329 1730 contrahit,
364 1683 471 1724 sicut
501 1683 705 1739 scriptum
737 1691 798 1724 est
822 1697 865 1722 z«
884 1682 993 1733 Quia
1027 1683 1178 1723 stultus
1211 1684 1454 1739 complexus

100 1772 114 1791 n
130 1761 191 1794 est
212 1769 360 1818 mansus
384 1768 492 1799 suas,
519 1761 560 1793 et
588 1753 746 1794 voravit
769 1753 929 1794 viscera
947 1750 1066 1800 sua²‚
1090 1771 1104 1790 n
1121 1752 1303 1793 carnalia
1327 1752 1456 1809 magis

101 1824 287 1880 cogitans
307 1838 431 1879 quam
447 1822 659 1879 spiritalia.
681 1823 736 1864 At
754 1837 837 1863 non
853 1821 936 1864 filia
952 1821 1080 1870 Juda,
1106 1837 1196 1878 quae
1215 1824 1457 1878 expandens

101 1909 267 1940 manus,
294 1893 489 1935 clamavit
514 1894 565 1933 ad
586 1893 815 1935 Dominum
839 1908 880 1934 :a
899 1893 964 1934 Tu
986 1892 1064 1934 scis
1091 1892 1186 1948 quia
1205 1891 1356 1933 salsum
1378 1899 1457 1933 tes·

101 1965 353 2007 »timonium
375 1965 570 2006 adversus
589 1979 655 2005 me
674 1963 863 2005 dicunt2.
886 1981 900 2001 n
915 1963 1061 2006 Melius
1078 1971 1140 2004 est
1158 1963 1357 2004 arbitrata
1373 1977 1457 2004 non

100 2050 294 2094 peccare,
315 2036 387 2077 sed
408 2043 449 2076 et
468 2035 655 2076 incidere
678 2035 717 2075 in
742 2033 973 2076 calumnias
998 2033 1306 2080 accusantium,
1331 2047 1458 2089 quam

98 2115 321 2163 peccatum
344 2106 485 2147 subire
508 2106 584 2147 sub
608 2104 869 2162 impunitatis
892 2104 1114 2146 velamine.
1143 2104 1201 2145 Ea
1224 2118 1325 2160 ergo
1353 2118 1457 2145 con-

99 2185 263 2235 temptu
278 2177 427 2218 mortis
443 2177 620 2218 servavit
633 2176 933 2217 innocentiam.
952 2174 1034 2217 Sed
1047 2189 1124 2217 nec
1140 2173 1223 2215 filia
1236 2174 1457 2231 Jephthe“‚

102 2263 194 2304 qnae
216 2255 361 2288 votum
383 2247 512 2304 patris
535 2249 586 2289 de
604 2247 895 2289 immolatione
920 2261 993 2288 sua
1015 2245 1189 2304 proprio
1213 2253 1338 2302 atque
1361 2245 1457 2287 hor-

100 2318 251 2359 tatorio
276 2316 459 2358 firmavit
486 2332 669 2359 assensu.

160 2387 363 2430 XXXIV.
401 2387 493 2430 Non
526 2387 638 2429 enim
674 2402 751 2444 ego
784 2387 836 2428 de
871 2393 1120 2442 contemptu
1152 2384 1301 2426 mortis
1334 2383 1463 2426 libros

103 2459 449 2517 philosophorum
479 2460 709 2514 depromo,
743 2466 813 2498 aut
842 2456 1210 2514 gymnosophistas
1236 2456 1460 2505 Indorum,

102 2545 283 2587 quorum
310 2545 394 2586 prae
422 2528 583 2571 caeteris
615 2527 760 2569 Calani
794 2528 992 2571 laudatur
1015 2541 1264 2585 responsum
1287 2524 1463 2568 Alexan·

151 2631 159 2645 ¹
178 2619 374 2658 Exod.xvi1,
397 2630 446 2652 η.
465 2637 504 2643 -
525 2627 536 2641 ·
553 2618 661 2652 Ecete.
675 2629 718 2658 iv,
734 2620 763 2651 5.
779 2635 819 2645 —
835 2620 848 2642 ³
868 2619 952 2651 Dan.
966 2629 1039 2660 xm,
1058 2617 1113 2656 45.
1126 2634 1165 2645 —-
1188 2619 1202 2646 ⁴
1216 2615 1326 2650 Judic.
1341 2626 1389 2658 ιι,
1405 2615 1463 2647 56.
