1774 3158
292 219 373 262 236
833 234 862 261 s-.
905 232 1095 261 Aimnosu

348 310 465 352 Felix
478 309 699 367 episcopus
720 319 762 352 et
784 311 942 368 legatus
967 311 1068 352 dixit
1090 325 1099 351 ε
1120 309 1163 352 Si
1180 310 1271 366 quis
1295 310 1447 353 Filium
1465 312 1541 355 Dei
1563 329 1638 356 ne-

290 381 445 438 gaverit
466 381 770 437 sempiternum
785 414 795 430 ‚
815 390 857 424 et
879 390 1140 424 coaeternum
1164 383 1393 438 negaverit,
1420 398 1504 426 non
1528 385 1639 426 solus

289 466 365 507 ego
404 452 563 507 legatus
606 450 733 492 totius
774 451 980 493 Africanae
1014 451 1238 509 provinciae
1271 452 1424 494 damno
1452 469 1460 494 :
1499 456 1572 496 sed
1598 463 1641 496 et

291 530 470 563 cunctus
493 521 647 563 chorus
669 523 961 569 sacerdotalis,
987 522 1056 578 qui
1076 523 1127 563 ad
1149 522 1262 564 hunc
1287 532 1442 565 coetum
1464 525 1640 567 sanctis-

289 591 443 634 simum
460 607 528 634 me
543 592 683 641 misit,
702 592 826 634 etiam
857 593 941 649 ipse
966 603 1061 634 ante
1083 592 1308 635 damnavit.

350 662 551 704 Anemius
585 663 807 720 opiscopus
836 663 973 705 dixit:
1005 662 1142 719 Caput
1174 663 1330 719 Illyrici
1361 678 1445 705 non
1472 664 1550 705 nisi
1585 665 1643 706 ci-

291 732 393 773 vitas
416 740 478 774 est
499 732 753 789 Syrmiensis
777 748 787 774 :
813 747 890 790 ego
925 732 1050 790 igitur
1081 733 1304 790 opiscopus
1335 734 1442 775 illius
1465 735 1641 776 civitatis

290 817 396 843 sum.
424 802 532 843 Eum
560 802 630 858 qui
667 818 751 844 non
787 801 1013 844 confitetur
1045 803 1199 844 Filium
1234 803 1310 845 Dei
1340 812 1574 854 aetcrnum,
1601 812 1642 847 et

290 879 545 914 coaeternum
562 872 699 921 Patri,
721 872 834 929 quod
851 882 911 914 ost
930 873 1232 929 sempiternum
1250 906 1260 922 ,
1274 873 1495 915 anathema
1516 874 1638 916 dico:

290 942 362 982 sed
384 941 510 983 etiam
536 941 584 983 iis
606 942 676 998 qui
696 942 807 984 idem
830 957 913 984 non
937 942 1207 985 confitentur.

347 1012 480 1055 XVII.
519 1012 766 1055 Ambrosius
790 1013 1011 1070 episcopus
1035 1014 1136 1055 dixit
1163 1029 1172 1055 :
1202 1013 1358 1055 Audite
1379 1013 1607 1070 sequentia.

349 1083 400 1124 Et
424 1082 645 1124 recitatum
671 1091 733 1125 est
757 1098 766 1124 :
793 1083 937 1125 Solum
965 1093 1170 1126 aeternum
1187 1117 1197 1133 ,
1218 1086 1352 1126 solum
1379 1086 1468 1127 sine
1498 1085 1614 1127 initio
1631 1117 1642 1134 ,

292 1154 426 1195 solum
451 1169 623 1202 verum,
648 1156 782 1195 solum
808 1154 1167 1197 immortalitatem
1191 1156 1434 1197 habentem.

349 1224 597 1266 Ambrosius
619 1224 841 1282 episcopus
866 1225 993 1267 dixit:
1014 1226 1065 1267 Et
1088 1226 1129 1267 in
1154 1226 1236 1268 hoc
1254 1227 1406 1268 damna
1431 1241 1526 1268 oum
1543 1260 1553 1275 ‚
1574 1227 1646 1283 qui

294 1304 417 1354 nogat
453 1296 607 1337 Filium
640 1295 774 1337 Deum
803 1310 965 1338 verum.
999 1296 1106 1338 Cum
1129 1297 1241 1338 onim
1274 1297 1360 1354 ipse
1392 1298 1444 1339 sit
1471 1298 1644 1346 veritas,

291 1367 650 1424 quemadmodum
679 1381 763 1408 non
803 1375 866 1408 est
899 1368 1013 1408 Deus
1049 1367 1200 1410 verus?
1230 1368 1282 1410 Et
1312 1368 1469 1410 addidit
1495 1383 1505 1409 ε
1533 1368 1647 1420 Quid

297 1440 349 1480 ad
376 1435 487 1479 hoe?

349 1508 558 1551 Palladius
579 1507 682 1549 dixit
709 1523 717 1549 ε
743 1508 896 1550 Filium
921 1524 1065 1551 verum
1090 1509 1181 1566 quis
1203 1524 1287 1551 non
1311 1509 1441 1552 dicit?

353 1578 602 1621 Ambrosius
623 1579 846 1636 episcopus
865 1580 969 1621 dixit
990 1595 997 1621 :
1020 1579 1166 1622 Arrius
1190 1581 1368 1638 negavit.

352 1649 561 1692 Palladius
590 1650 719 1691 dixit:
748 1650 854 1691 Cum
883 1650 1108 1707 Apostolus
1134 1651 1268 1699 dicat,
1290 1651 1505 1694 Christum
1524 1667 1649 1709 super

291 1720 429 1763 omnia
454 1720 590 1761 Deum
609 1752 618 1766 ,
634 1728 771 1777 potest
789 1721 936 1776 aliquis
954 1736 1106 1779 negare
1131 1736 1276 1764 verum
1302 1722 1455 1764 Filium
1482 1721 1590 1764 Dei?

349 1789 504 1833 XVIII.
527 1788 774 1832 Ambrosius
797 1791 1020 1848 episcopus
1046 1790 1150 1834 dixit
1173 1806 1182 1833 :
1211 1793 1264 1834 [t
1287 1791 1392 1834 scias
1412 1803 1537 1848 quam
1555 1790 1649 1833 sim-

290 1860 458 1918 pliciter
485 1859 635 1901 veritas
651 1875 671 1901 a
686 1860 806 1902 nobis
825 1861 1085 1917 requiratur,
1103 1876 1203 1904 ecce
1216 1862 1311 1904 dico
1326 1877 1403 1919 ego
1418 1896 1429 1910 ‚
1451 1870 1496 1902 ut
1511 1861 1614 1904 dicis
1636 1876 1645 1902 ε

295 1929 368 1972 scd
400 1929 678 1986 semiplenum
712 1930 862 1972 habeo.
909 1931 1015 1972 Cum
1039 1931 1151 1973 enim
1174 1932 1228 1973 ita
1252 1932 1355 1974 dicis
1372 1965 1380 1979 ,
1406 1932 1558 1973 videris
1581 1946 1650 1972 no-

292 2015 390 2058 gare
405 2001 543 2041 Deum
561 2014 707 2041 verum
727 2014 737 2040 ε
760 2000 792 2040 si
811 2009 949 2042 autem
967 2001 1217 2058 simpliciter
1239 2001 1452 2043 confiteris
1474 2017 1482 2042 :
1504 2016 1649 2042 verum

292 2072 428 2114 Deum
450 2070 604 2113 Filium
631 2070 732 2118 Doi;
760 2085 810 2111 eo
838 2070 986 2112 ordine
1004 2080 1164 2120 astruo,
1191 2087 1274 2128 quo
1294 2072 1382 2129 ipse
1400 2085 1602 2128 propono,

350 2140 557 2183 Palladius
581 2139 683 2182 dixit
704 2140 816 2197 :Ego
840 2142 1076 2182 secundum
1113 2140 1352 2197 Scripturas
1377 2141 1450 2183 tibi
1471 2143 1647 2198 loquor,

293 2227 360 2254 ver
370 2227 439 2253 um
461 2211 616 2253 Filium
636 2211 710 2253 Dei
731 2210 961 2253 Dominum
983 2211 1092 2253 dico.

348 2281 595 2325 Ambrosius
618 2281 842 2339 episcopus
867 2281 971 2324 dixit
993 2297 1002 2323 t
1025 2281 1181 2325 Verum
1202 2282 1432 2325 Dominum
1459 2281 1565 2324 dicis
1586 2281 1652 2324 Fi-

295 2354 398 2397 lium
417 2354 493 2396 Dei
509 2353 527 2394 Ξ)

351 2424 558 2468 Palladius
583 2424 816 2467 dixitzcum
829 2440 972 2467 verum
990 2425 1143 2467 Filium
1163 2423 1299 2466 dicam
1316 2457 1325 2472 ,
1343 2423 1443 2481 quid
1464 2422 1648 2482 amplus?

349 2495 596 2538 Ambrosius
620 2496 844 2553 episcopus
873 2496 976 2539 dixit
997 2511 1005 2537 τ
1032 2495 1122 2539 Non
1156 2510 1299 2552 quaero
1323 2496 1619 2539 tautummodo
