1774 3158
419 220 468 245 Dl'.
504 219 625 245 sslHT'L'
663 220 882 245 '1'11120Dost1
920 220 1086 247 (tsst'l'lx'l.
1349 222 1416 248 ἷίὲὶ

81 296 284 342 intentus,
317 295 416 336 dum
440 294 517 336 iter
543 295 646 351 agit,
679 294 935 351 Angelorum
966 297 1066 337 vidit
1097 297 1326 339 exercitum
1348 332 1356 345 ‚
1383 307 1424 339 et

80 365 485 406 vocavitconcilium
507 364 582 405 Dei
598 365 627 407 ¹.

136 435 188 476 X.
228 434 336 475 Alibi
361 449 549 490 quoque,
576 435 617 476 id
648 442 730 482 est,
762 434 802 475 in
826 434 942 475 libris
970 434 1232 490 Regnorum,
1266 435 1424 477 Eliseus

80 513 166 545 crat
190 504 294 546 intra
320 505 551 546 Samariam
565 536 576 552 ,
596 513 637 546 et
658 505 796 545 subito
814 519 909 545 eum
929 504 1206 545 circumfusus
1224 506 1272 561 S)
1285 521 1425 547 rorum

81 574 242 614 obsedit
270 574 489 616 exercitus.
527 574 637 616 Vidit
671 589 740 615 eos
773 573 887 615 Giezi
912 607 921 621 ,
958 581 999 614 ct
1032 574 1087 614 ait
1123 576 1172 614 ad
1206 575 1423 616 dominum

80 658 200 683 suum
235 659 242 684 :
285 662 298 680 «
329 645 364 686 O
405 644 602 691 domine,
643 644 744 699 quid
786 642 1017 684 faciemus?
1045 643 1096 683 Et
1135 643 1234 684 dixit
1268 643 1425 685 Eliseus

78 714 306 771 »propbeta
336 730 344 755 ε
369 715 461 757 Noli
487 715 661 762 timere3
684 714 881 770 quoniam
905 713 1122 755 nobiscum
1146 715 1287 770 plures
1311 723 1422 760 sunt.

78 799 228 839 »quam
264 799 360 825 cum
394 784 484 826 illis.
521 785 572 826 Et
605 784 829 840 rogavitut
855 783 1036 840 aperiret
1057 783 1260 824 Dominus
1283 784 1425 824 oculos

77 871 91 891 »
106 854 230 894 Giezi.
256 854 306 894 Et
324 853 454 909 aperti
478 862 574 895 sunt
594 853 705 895 oculi
722 854 812 910 ejus
828 885 836 900 ,
860 861 902 894 et
922 853 1024 894 vidit
1044 854 1215 909 plenum
1237 861 1424 894 montem

74 923 220 979 »equis
252 932 293 965 rt
325 924 519 965 curribus
550 924 590 965 in
614 920 794 966 circuitu
822 923 958 965 Elisei.
996 924 1046 965 Et
1075 922 1234 978 rogavit
1265 923 1424 964 Eliseus

74 1011 88 1031 n
105 1001 148 1034 ut
175 1002 413 1050 percuteret
436 1009 506 1036 eos
528 995 641 1036 Deus
664 995 876 1041 caecitate,
895 1002 935 1036 et
952 993 1138 1051 percussi
1157 1001 1250 1035 sunt
1267 1025 1277 1041 ,
1304 1001 1344 1034 et
1369 993 1427 1033 in-

74 1064 307 1105 »troierunt
330 1065 370 1104 iu
402 1064 643 1113 civitatem,
675 1080 757 1120 quo
782 1065 1125 1120 ingrederentur,
1158 1077 1423 1119 nequaquam

73 1151 87 1170 »
103 1133 288 1175 videntes
302 1133 333 1175 ².
349 1134 562 1176 »Audistis
582 1142 694 1176 certe
710 1167 719 1181 ‚
745 1134 922 1180 milites,
946 1133 1017 1189 qui
1041 1131 1282 1174 circumfusi
1300 1132 1396 1173 estis
1412 1162 1422 1180 ,

72 1203 168 1259 quia
193 1203 264 1244 ubi
288 1203 486 1260 perfidia,
517 1204 573 1246 ibi
596 1204 760 1246 caecitas
784 1213 856 1246 est.
885 1206 1031 1248 Merito
1053 1221 1151 1263 ergo
1176 1220 1310 1247 caecus
1335 1213 1425 1246 erat

71 1274 277 1315 exercitus
305 1274 552 1315 infidelium.
588 1274 665 1316 Ubi
696 1283 839 1316 autem
867 1274 969 1317 fides
987 1308 995 1323 ,
1025 1276 1080 1317 ibi
1108 1276 1313 1317 exercitus
1338 1276 1422 1316 An·

69 1346 257 1400 gelorum
281 1352 355 1386 est.
387 1345 502 1386 Bona
530 1345 668 1400 itaque
690 1343 817 1392 fides,
848 1360 939 1400 quae
962 1345 1204 1400 frequenter
1225 1353 1424 1402 operatur

71 1414 110 1454 iu
135 1413 322 1455 mortuis.
358 1414 547 1469 Denique
577 1414 857 1455 adversarius.
890 1422 931 1455 et
959 1414 1141 1471 legiones
1169 1430 1252 1456 sure
1285 1415 1424 1470 quoti-

73 1485 195 1526 diana
222 1484 453 1540 Martyrum
486 1484 639 1525 virtute
664 1491 929 1539 torquentur.
964 1485 1082 1526 Unde
1105 1485 1286 1526 arbitror
1311 1486 1424 1540 quod

69 1553 135 1595 fila
166 1554 419 1596 chordarum
456 1554 627 1595 citharae
650 1553 745 1595 ideo
769 1553 872 1595 sides
907 1553 1128 1603 dicantur,
1161 1553 1359 1610 quoniam
1383 1562 1423 1596 et

68 1633 231 1666 mortua
252 1639 404 1665 sonum
426 1625 618 1666 reddant.

123 1694 197 1735 XI.
237 1694 332 1745 Quo
360 1694 489 1750 magis
513 1708 560 1735 ac
584 1693 714 1750 magis
735 1693 981 1735 enitendum
1000 1702 1083 1742 est,
1112 1709 1163 1736 ne
1185 1694 1224 1735 iu
1254 1694 1334 1736 hoc
1360 1695 1423 1735 ’νί-

67 1763 190 1804 vendi
212 1779 390 1805 munere
410 1764 499 1812 siti,
519 1764 648 1805 simus
671 1764 820 1820 ingrati
847 1779 856 1804 τ
883 1765 956 1806 sed
974 1764 1028 1821 pii
1048 1765 1290 1822 pignoribus
1311 1765 1422 1823 prin-

68 1833 170 1888 cipis
192 1833 384 1874 sedulum
408 1848 454 1875 ae
478 1834 662 1889 patrium
696 1833 989 1890 impendamus
1022 1834 1233 1876 affectum.
1265 1834 1421 1876 Solvite

66 1902 160 1944 filiis
178 1903 289 1959 ejus,
312 1906 425 1960 quod
441 1905 601 1947 debetis
617 1905 738 1960 patri.
759 1906 856 1947 Plus
875 1906 1035 1947 debetis
1053 1906 1251 1947 defuncto
1265 1939 1274 1954 ‚
1297 1922 1421 1962 quam

67 1973 266 2015 debuistis
292 1975 456 2017 viventi.
481 1975 648 2017 Etenim
673 1976 705 2017 si
725 1976 765 2016 in
787 1976 930 2017 liberis
952 1977 1208 2032 privatorum
1232 1992 1314 2017 non
1333 1977 1422 2018 siue

65 2043 176 2098 gravi
202 2045 359 2085 scelere
381 2045 593 2086 minorum
623 2045 714 2101 jura
740 2054 1024 2094 temerantur3
1048 2055 1203 2102 quanto
1228 2046 1357 2102 magis
1380 2046 1420 2087 in

65 2110 159 2153 filiis
181 2113 442 2170 imperatoris
462 2115 479 2155 P
532 2149 535 2151 ,

122 2181 216 2224 XII.
254 2183 445 2226 Addatur
477 2199 526 2227 eo
553 2185 674 2241 cujus
706 2186 1011 2243 imperatoris?
1045 2186 1308 2243 imperatoris
1337 2186 1417 2243 pii,

65 2251 326 2308 imperatoris
346 2255 631 2297 misericordis
648 2289 657 2304 ,
676 2256 939 2313 imperatoris
962 2255 1098 2298 fidelis
1114 2290 1123 2305 ‚
1156 2258 1208 2298 de
1231 2271 1313 2312 quo
1337 2272 1421 2297 non

67 2322 280 2364 mediocre
302 2324 440 2366 locuta
460 2333 522 2366 est
545 2325 761 2383 Scriptura
784 2327 926 2369 dicens
953 2342 962 2367 ε
981 2344 995 2365 «
1018 2327 1214 2383 Magnum
1228 2335 1269 2368 et
1285 2327 1420 2368 bono-

65 2406 81 2428 »
95 2390 224 2432 rabile
236 2392 436 2434 esthomo
458 2394 717 2437 misericors:
737 2395 922 2437 invenire
936 2404 1076 2438 autem
1094 2397 1229 2437 virum
1250 2395 1415 2437 fidelem

66 2460 267 2504 »difficile
284 2463 472 2506 est³.·Si
499 2480 698 2523 magnum
716 2476 780 2509 est
799 2466 1114 2510 misericordem
1148 2475 1219 2510 aut
1245 2465 1410 2509 fidelem

110 2549 118 2564 ¹
135 2543 216 2575 Gen.
237 2554 337 2581 xxxii,
357 2555 382 2578 ι.
403 2564 438 2571 -
459 2555 471 2569 ²
487 2546 504 2584 4
521 2548 597 2588 Reg.
619 2558 661 2583 vi,
681 2549 728 2585 15,
745 2553 775 2581 et
793 2558 882 2591 seqq.
897 2566 937 2574 —
954 2551 967 2571 3
987 2549 1081 2582 Prov.
1099 2560 1150 2585 xx,
1171 2549 1202 2580 6.
