1774 3158
459 197 741 225 izvisaomnmi
778 198 935 225 eLAss‘1s
970 200 994 226 1.
1343 186 1426 238 287

80 276 265 321 colendis
285 275 429 323 idolis,
454 283 495 316 et
516 263 701 331 profanis
732 274 1080 315 caerem011iarun1
1102 273 1285 316 cultibus
1314 273 1437 315 exhi—

81 347 194 389 bere.
228 345 360 388 Nemo
391 343 503 386 enim
538 344 675 385 Deum
707 342 836 393 fallit,
871 344 939 385 cui
967 345 1105 386 omnia
1135 344 1262 386 etiam
1295 344 1436 386 cordis

81 417 252 459 occulta
278 413 499 458 manifesta
526 422 638 455 sunt.
971 460 983 472 .

142 487 213 528 ΙΙΙ.
252 485 361 543 Ergo
391 500 487 526 cum
512 499 531 524 a
563 493 628 531 te,
660 484 893 541 Imperator
931 483 1304 532 christianissime,
1336 482 1438 525 fides

83 557 174 600 Deo
192 571 291 599 vero
315 558 367 598 sit
390 556 623 597 exhibenda
638 588 648 604 ,
676 569 772 596 cum
792 555 919 612 ipsius
941 554 1039 596 fidei
1059 555 1244 596 studium
1261 587 1271 603 ,
1303 554 1443 609 cautio

87 636 212 684 atque
231 627 396 669 devotio
412 659 420 675 ,
445 626 574 667 miror
599 626 810 681 quomodo
831 625 1040 681 aliquibus
1059 625 1101 665 in
1127 639 1244 681 spem
1268 623 1443 671 venerit,

88 698 201 754 quod
231 698 382 739 debeas
405 711 493 737 aras
519 695 594 736 diis
623 695 813 752 gentium
845 704 917 737 tuo
952 694 1185 737 instaurare
1212 701 1446 750 praecepto,

91 771 143 811 ad
166 784 262 810 usus
285 782 451 824 quoque
472 765 775 808 sacrificiorum
799 759 1071 823 profanorum
1094 766 1282 822 praebere
1309 778 1447 819 sump-

91 849 208 887 tum3
232 840 346 896 quod
371 838 484 879 enim
506 837 761 893 jamdudum
794 839 859 879 vel
890 837 992 878 fiseo
1017 838 1082 879 vel
1103 851 1210 878 arcae
1233 844 1295 877 est
1315 835 1452 876 vindi-

93 918 264 961 catum,
298 910 350 951 de
382 918 453 951 tuo
483 908 616 965 magis
656 909 848 950 conferre
882 908 1106 956 videbere,
1132 922 1258 964 quam
1292 907 1343 948 de
1377 921 1452 948 suo

95 981 286 1022 reddere.

155 1048 225 1091 IV.
262 1050 314 1091 Et
345 1049 396 1091 de
428 1048 656 1106 dispendiis
684 1058 944 1105 quaeruntur,
968 1049 1040 1105 qui
1067 1064 1286 1105 nunquam
1313 1054 1455 1089 nostro

98 1118 287 1176 sanguini
308 1127 615 1176 pepercerunt,
636 1120 706 1174 qui
729 1120 817 1176 ipsa
842 1120 1127 1161 Ecclesiarum
1162 1117 1338 1160 aedificia
1361 1117 1459 1158 sul)-

99 1198 291 1232 ruerunt.
323 1190 474 1231 Petunt
496 1189 622 1230 etiam
649 1197 693 1230 ut
720 1190 799 1231 illis
827 1190 1041 1247 privilegia
1077 1188 1260 1236 deferas,
1301 1187 1371 1245 qui
1398 1188 1463 1229 lo-

102 1260 261 1318 quendi
287 1268 329 1301 et
353 1260 534 1302 docendi
565 1259 718 1301 nostris
752 1274 1024 1302 commune-m
1047 1274 1171 1301 usum
1193 1257 1348 1299 Juliani
1371 1258 1462 1313 lege

102 1322 290 1390 proxima
325 1332 613 1388 denegarunt,
639 1340 679 1372 et
700 1331 916 1388 privilegia
940 1332 1006 1372 illa
1024 1363 1034 1379 ,
1071 1330 1224 1386 quibus
1252 1343 1360 1384 saepe
1396 1328 1464 1389 de-

105 1403 215 1468 cepti
233 1411 330 1444 sunt
346 1402 471 1444 etiam
490 1401 744 1444 Christiani:
767 1404 993 1444 nonnullos
1005 1402 1119 1443 enim
1139 1400 1218 1442 illis
1239 1398 1466 1456 privilegiis

105 1464 257 1532 partim
292 1487 367 1529 per
399 1472 751 1528 imprudentiam,
788 1472 940 1528 partim
982 1479 1156 1528 propter
1194 1467 1464 1526 publicarum

106 1543 406 1587 necessitatum
425 1542 636 1584 molestias
660 1542 931 1584 declinandas
953 1542 1118 1583 irretire
1150 1541 1374 1581 voluerunt
1394 1555 1404 1586 3
1426 1547 1468 1580 et

110 1615 206 1672 quia
226 1628 310 1656 non
328 1628 474 1654 omnes
496 1612 625 1654 fortes
647 1612 937 1660 inveniuntur,
962 1611 1089 1654 etiam
1107 1611 1184 1652 sub
1207 1609 1468 1666 principibus

111 1681 345 1726 christianis
367 1683 556 1739 plerique
579 1691 677 1723 sunt
699 1682 817 1737 lapsi.

170 1752 219 1795 V.
256 1752 340 1794 Sed
362 1752 451 1793 haec
483 1751 515 1793 si
547 1751 633 1807 jam
662 1752 824 1821 {ulalate
849 1767 933 1794 non
961 1758 1099 1794 essent
1118 1783 1127 1801 ,
1149 1749 1372 1792 auferenda
1400 1757 1470 1791 tue

114 1823 288 1880 imperio
318 1822 642 1879 comprobarem
665 1837 673 1862 τ
700 1831 740 1863 at
763 1837 861 1864 cum
885 1838 958 1879 pei·
992 1830 1127 1864 totum
1154 1821 1240 1862 sere
1273 1821 1418 1862 orbem
1448 1834 1467 1862 a

115 1894 305 1951 pluribus
344 1901 456 1934 retro
495 1892 757 1949 principibus
794 1892 971 1934 inhibita
1014 1892 1325 1948 interdictaque
1362 1890 1469 1938 sint,

115 1966 260 2010 Romae
289 1973 426 2006 autem
454 1979 475 2006 a
505 1966 632 2005 fratre
664 1964 897 2006 clementiae
937 1973 1018 2006 tuae
1049 1971 1233 2020 augustae
1262 1961 1474 2004 memoriae

120 2034 318 2078 Gratiano
340 2032 438 2076 fidei
456 2049 563 2075 verte
584 2033 746 2075 ratione
769 2035 934 2076 sublata
952 2034 1057 2080 sint,
1078 2041 1118 2075 et
1141 2033 1246 2074 datis
1265 2033 1475 2088 antiquata

122 2104 358 2161 rescriptis;
378 2119 454 2152 ne,
482 2118 643 2160 quaeso,
669 2106 733 2145 vel
758 2104 939 2145 fideliter
967 2112 1120 2145 statuta
1152 2103 1384 2151 convellas,
1414 2102 1480 2143 vel

123 2174 305 2216 fraterna
330 2182 536 2231 praeccpta
561 2174 786 2216 rescindas.
810 2175 871 2216 De
888 2175 1064 2231 negotiis
1082 2174 1298 2220 civilibus,
1319 2173 1350 2214 si
1377 2171 1480 2228 quid

127 2245 295 2292 statuit,
322 2259 447 2286 nemo
479 2252 596 2301 putat
627 2260 717 2286 esse
741 2246 1032 2287 temerandum
1053 2258 1066 2293 ζ,
1085 2253 1126 2286 et
1151 2251 1410 2301 praeceptum
1432 2243 1483 2285 de

128 2316 330 2373 religione
353 2316 554 2365 calcatur.

189 2385 260 2428 VI.
299 2384 445 2428 Nullus
469 2386 643 2444 obrepat
670 2385 826 2442 juniori
854 2386 963 2429 aetati
989 2394 1071 2428 tuae
1093 2401 1102 2427 τ
1129 2385 1212 2427 sive
1234 2384 1303 2427 illc
1321 2384 1484 2442 gentilis

133 2466 217 2506 est,
246 2456 317 2513 qui
342 2456 419 2498 ista
451 2457 664 2514 deposcit,
700 2472 782 2498 non
814 2458 940 2499 debet
961 2467 1148 2500 mentem
1170 2465 1286 2498 tuam
1309 2456 1486 2497 vinculis

139 2544 221 2572 suae
248 2527 552 2585 superstitionis
580 2528 826 2571 innectere:
852 2529 925 2571 sed
960 2527 1132 2586 proprio
1169 2527 1308 2570 studio
1338 2528 1490 2568 docere
