1774 3158
288 227 341 273 40
831 238 861 264 s.
903 237 1090 264 Axinnosu

344 313 496 356 XVIII.
536 313 648 363 Quid
668 321 805 355 autem
826 315 877 355 de
895 314 956 355 his
973 315 1136 370 loquar,
1155 314 1227 371 qui
1244 314 1464 356 defunctos
1482 321 1629 371 putant

288 383 381 425 vitze
421 382 623 424 suavitate
646 383 830 439 privari?
852 383 971 424 Nulla
995 392 1135 439 potest
1156 398 1243 423 esse
1263 383 1503 438 jucunditas
1524 383 1632 424 iuter

291 454 362 494 'nas
393 452 485 493 vitae
521 460 670 494 nostrae
703 453 1001 494 amaritudines
1037 461 1108 493 aut
1135 454 1325 499 dolores,
1358 467 1448 508 quae
1477 454 1543 494 vel
1585 467 1635 494 ex

290 522 476 578 corporis
505 521 632 578 ipsius
662 521 928 570 infirmitate,
967 524 1032 563 vel
1057 523 1317 564 extrinsecus
1352 522 1635 563 accidentium

291 591 635 632 incommoditate
675 599 942 647 generantur.
980 592 1102 632 Anxii
1143 593 1254 632 enim
1285 607 1477 648 semper,
1512 601 1554 634 et
1589 594 1640 633 ad

290 662 376 718 ipsa
398 661 604 703 laetiorum
624 671 717 702 vota
739 661 953 717 suspensi,
976 660 1157 717 quodam
1181 661 1435 703 fluctuamus
1454 662 1637 710 incerto,

295 740 507 788 sperantes
543 731 666 772 dubia
701 746 776 787 pro
817 731 942 772 certis
964 763 974 779 ,
1008 731 1275 773 incommoda
1312 747 1386 788 pro
1424 731 1641 781 secundis,

295 803 453 843 caduca
477 815 552 858 pro
578 801 718 843 solidis
745 817 754 842 ε
780 801 885 843 nihil
917 801 1120 843 habentes
1144 802 1360 858 potestatis
1384 803 1422 844 in
1449 802 1644 850 arbitrio,

300 870 405 911 nihil
431 869 637 912 firmitatis
667 871 705 912 in
735 880 848 913 voto.
885 871 939 914 At
974 871 1007 913 si
1038 871 1194 927 aliquid
1215 879 1361 913 contra
1387 872 1649 912 voluntatem

303 940 536 989 acciderit,
575 940 758 997 perditos
788 955 863 982 nos
898 951 1124 998 putamus;
1166 942 1341 998 plusque
1374 940 1648 982 adversorum

301 1011 447 1051 dolore
483 1009 713 1066 frangimur
735 1042 745 1058 ,
783 1026 909 1067 quam
950 1012 1232 1053 secundorum
1265 1012 1407 1053 fructu
1445 1010 1642 1067 potimur.

304 1079 468 1130 Quibus
486 1079 615 1136 ‚igitur
636 1090 781 1123 carent
803 1081 925 1123 bonis
941 1114 952 1130 ,
976 1083 1045 1138 qui
1074 1082 1204 1139 magis
1226 1082 1464 1139 eripiuntur
1486 1082 1652 1123 incom-

302 1148 466 1190 modis?
892 1156 894 1158 '

362 1219 480 1263 XIX.
519 1219 723 1261 Valetudo
738 1251 748 1267 ‚
773 1220 927 1268 credo,
949 1220 1061 1262 bona
1078 1221 1172 1277 plus
1196 1220 1388 1276 adjuvat,
1413 1235 1538 1277 quam
1557 1219 1658 1261 aflli-

305 1289 364 1346 git
395 1290 500 1331 mala
531 1304 540 1331 ε
575 1298 646 1330 aut
687 1291 901 1346 opulentia
945 1291 1038 1347 plus
1081 1292 1299 1340 delectat,
1337 1283 1462 1347 quam
1498 1299 1657 1347 egestas

307 1360 434 1402 afficit
457 1375 466 1401 ε
487 1368 558 1401 aut
580 1359 763 1401 filiorum
785 1361 916 1417 magis
936 1354 1124 1403 amabilis
1144 1362 1290 1418 gratia,
1314 1376 1440 1417 quam
1464 1362 1656 1419 lugubris

308 1429 476 1471 amissio
497 1445 506 1470 :
528 1438 598 1471 aut
622 1430 902 1471 adolescentia
925 1430 1153 1485 jucundior
1171 1463 1180 1478 ,
1204 1446 1329 1487 quam
1353 1440 1547 1473 senectus
1567 1431 1662 1473 tris-

310 1498 404 1540 tior.
440 1499 576 1550 Quam
600 1500 849 1555 plerumque
870 1514 1042 1542 suorum
1067 1501 1191 1541 taedet
1217 1509 1408 1542 votorum
1428 1534 1438 1549 ‚
1467 1510 1507 1543 et
1530 1501 1659 1558 optati

313 1569 509 1626 poenitet,
532 1578 577 1611 ut
598 1570 738 1611 doleat
758 1570 1030 1627 impetratum
1047 1602 1058 1618 ,
1080 1572 1194 1627 quod
1213 1586 1301 1613 non
1331 1572 1556 1628 impetrare
1574 1586 1660 1612 me-

312 1640 470 1681 tuebat.
500 1639 630 1681 Exilia
654 1655 752 1681 vero
767 1673 778 1688 ‚
803 1649 844 1682 et
865 1649 1113 1682 caeterarum
1136 1656 1357 1698 poenarum
1385 1642 1634 1683 acerbitates
1649 1674 1659 1689 ‚

314 1724 405 1765 quae
452 1717 588 1766 potest
615 1724 890 1767 compensare
918 1711 1082 1768 patria?
1127 1711 1230 1762 Quae
1261 1711 1525 1769 voluptates?
1556 1711 1660 1763 Quae

315 1780 441 1821 etiam
474 1794 570 1821 cum
603 1781 778 1828 adsunt,
801 1780 1074 1822 debilitantur
1108 1789 1276 1830 tamen,
1310 1789 1380 1822 aut
1410 1796 1494 1823 non
1519 1781 1663 1823 utendi

314 1850 487 1898 affectu,
514 1858 585 1891 aut
603 1850 820 1893 amittendi
843 1860 973 1893 metu.

373 1919 472 1962 XX.
508 1920 607 1961 Esto
625 1928 762 1962 tamen
781 1929 948 1963 maneat
966 1921 1195 1964 inoffensus
1215 1953 1225 1969 ‚
1247 1921 1446 1963 immunis
1471 1936 1492 1963 a
1513 1921 1666 1963 dolori-

314 1990 416 2038 bus,
452 2005 599 2047 perpes
624 1991 665 2032 in
699 1992 985 2048 voluptatibus
1009 1992 1103 2034 vitae
1137 2007 1285 2035 cursus
1317 1991 1538 2040 humanae3
1565 1992 1666 2048 quid

317 2068 456 2101 tamen
482 2060 692 2102 commodi
718 2061 918 2117 consequi
939 2070 1076 2118 potest
1099 2063 1237 2103 anima
1257 2062 1298 2103 in
1317 2061 1553 2104 istiusmodi
1576 2076 1667 2104 cor-

315 2130 426 2186 poris
451 2130 609 2171 inclusa
627 2131 921 2188 compagibus,
942 2140 984 2173 et
1003 2132 1256 2189 quibusdam
1279 2133 1571 2173 membrorum
1597 2147 1666 2173 an-

317 2200 462 2257 gustiis
481 2201 724 2242 coarctata?
745 2201 788 2242 Si
812 2216 909 2243 caro
932 2210 1074 2243 nostra
1099 2217 1311 2244 carcerem
1336 2201 1461 2258 fugit,
1487 2201 1520 2242 si
1535 2203 1666 2243 detes-

319 2278 430 2311 tatur
465 2285 591 2312 omne
627 2271 833 2327 quidquid
869 2272 1071 2330 evagandi
1100 2272 1346 2314 facultatem
1385 2281 1541 2329 negat;
1577 2287 1668 2328 quae

317 2340 462 2395 utique
484 2340 619 2396 parvis
640 2340 748 2382 ultra
775 2357 817 2382 se
850 2342 1047 2384 audiendi
1070 2342 1322 2398 videndique
1356 2357 1582 2384 excurrere
1604 2342 1667 2383 vi-

321 2410 443 2450 detur
473 2411 664 2453 sensibus
691 2427 700 2453 :
725 2420 884 2467 quanto
912 2412 1043 2468 magis
1074 2412 1210 2454 anima
1242 2421 1384 2454 nostra
1416 2426 1667 2469 corporeum

317 2479 426 2520 istud
451 2480 627 2520 evadere
645 2480 767 2537 gestit
788 2483 1044 2538 ergastulum
1066 2514 1077 2531 ‚
1098 2497 1189 2538 quae
1216 2490 1335 2524 motu
1363 2485 1484 2524 ae‘rco
1508 2482 1639 2524 libera
1657 2513 1667 2530 ,

320 2548 528 2589 nescimus
552 2564 633 2605 quo
657 2552 801 2600 vadat,
830 2559 900 2594 aut
924 2552 1037 2595 unde
1060 2552 1254 2595 veniam

371 2628 491 2663 Ι-Ιοῑιιι,
510 2641 560 2667 ιιι,
577 2632 606 2662 ὃ.
