1774 3158
297 234 378 284 284
847 249 881 275 s.
918 248 1109 277 Aiinnosu

295 327 508 378 Quaeritur
531 328 571 369 in
592 337 633 370 te
660 327 861 370 Acholius
883 344 891 369 :
915 337 956 370 et
980 329 1088 369 sicut
1109 337 1198 370 erat
1219 328 1260 370 in
1289 328 1439 371 affectu
1463 338 1558 379 tun,
1587 331 1640 373 ita

295 397 336 439 in
359 398 506 440 officiis
536 398 797 440 desideratur
828 399 936 440 illius
961 399 1147 446 virtutis,
1174 399 1282 440 illius
1306 399 1534 456 disciplinae
1552 399 1644 441 effi-

294 469 402 526 gies,
431 469 538 511 illius
557 469 756 511 fortitudo
779 469 904 510 animi
931 470 970 510 in
995 478 1077 510 tam
1089 469 1208 510 senili
1234 483 1422 526 corpore.

353 539 404 580 ΙΙ.
432 538 525 581 Vidi
539 571 548 586 ‚
567 540 700 580 fateor
715 572 724 587 ‚
749 539 882 580 virum
900 556 909 586 ;
931 554 1027 580 nam
1047 546 1087 580 et
1108 538 1187 579 hoc
1206 539 1364 580 meritis
1382 539 1491 580 illius
1511 539 1644 582 debeo

294 610 410 664 quod
437 608 555 650 illum
579 609 754 651 viderim
791 625 799 650 :
842 610 924 651 vidi
949 609 1003 650 ita
1028 610 1143 650 illum
1166 623 1256 650 esse
1279 609 1319 649 in
1362 624 1564 666 corpore,
1599 618 1647 650 ut

297 686 414 720 extra
439 694 592 736 corpus
614 689 808 736 putarem
833 694 842 720 :
877 680 958 722 vidi
982 680 1203 736 imaginem
1228 679 1336 721 illius
1363 713 1370 726 ‚
1402 680 1472 736 qui
1497 695 1539 721 se
1562 679 1646 722 sive

298 747 558 805 incorpore,
585 749 669 791 sive
688 758 802 793 extra
820 765 971 807 corpus
995 749 1186 791 nesciens
1209 783 1218 799 ,
1250 759 1416 806 raptum
1441 750 1492 791 ad
1532 765 1648 807 para-

300 819 436 861 disum
461 820 634 861 viderat¹
655 838 665 868 ;
693 821 747 862 ita
772 821 884 862 enim
912 822 1189 878 percurrebat
1206 822 1346 863 omnia
1368 835 1548 863 excursu
1565 820 1648 863 sre-

298 890 466 944 quenti‚
493 891 918 948 Constantinopolim,
944 892 1165 943 Achaiam,
1186 892 1377 949 Epirum,
1398 891 1578 939 Italiam,
1602 900 1650 933 ut

298 958 485 1014 juniores
523 975 620 1001 eum
649 975 732 1001 non
763 968 933 1017 possent
958 962 1171 1017 consequi.
1208 961 1426 1003 Cedebant
1456 961 1649 1004 fortiores

301 1044 477 1086 corpore
492 1063 502 1079 ,
524 1031 620 1086 quia
642 1046 738 1072 eum
762 1032 850 1073 sine
878 1032 1180 1088 impedimento
1205 1048 1293 1074 esse
1317 1032 1502 1089 corporis
1521 1046 1651 1075 nove-

300 1107 414 1147 rant3
440 1108 488 1141 ut
510 1114 558 1141 eo
584 1109 748 1142 tantum
777 1116 851 1157 pro
885 1102 1092 1143 velamine
1117 1110 1328 1155 uteretur,
1355 1117 1437 1143 non
1463 1117 1538 1158 pro
1558 1101 1652 1143 offi-

301 1170 366 1210 cio
389 1185 398 1211 :
429 1180 543 1212 certe
569 1172 621 1213 ad
644 1171 880 1220 servitium,
903 1187 987 1213 non
1003 1173 1053 1214 ad
1071 1172 1332 1220 subsidium3
1354 1172 1408 1213 ita
1427 1172 1539 1213 enim
1558 1171 1652 1214 affe-

301 1249 416 1282 cerat
442 1256 595 1298 corpus
637 1257 758 1283 suum
776 1275 787 1290 ,
816 1242 924 1284 utin
966 1257 1014 1283 eo
1048 1242 1257 1284 mundum
1281 1240 1574 1299 crucifigeret,
1611 1249 1653 1284 et

302 1313 460 1355 mundo
488 1314 776 1370 semetipsum.

358 1383 432 1424 ΙΙΙ.
466 1384 722 1426 Benedictus
763 1384 995 1431 Dominus,
1031 1393 1073 1426 ct
1108 1384 1332 1426 benedicta
1368 1383 1653 1426 adolescentia

303 1454 409 1510 ejus,
444 1469 569 1510 quam
604 1454 739 1511 exegit
767 1455 808 1496 in
846 1455 1129 1497 tabernaculis
1154 1455 1231 1497 Dei
1255 1455 1408 1503 Jacob,
1434 1455 1594 1512 positus
1612 1455 1654 1496 in

301 1526 586 1574 monasteriis,
616 1526 657 1567 in
693 1527 845 1583 quibus
879 1541 976 1568 cum
1007 1534 1263 1582 quaereretur
1287 1526 1568 1582 aparentibus
1592 1527 1657 1569 vel

303 1595 503 1651 proximis
520 1629 528 1642 ‚
555 1596 722 1638 dicebat
743 1611 751 1637 :
777 1614 791 1634 α
816 1596 899 1647 Qui
922 1605 1019 1638 sunt
1046 1596 1192 1638 fratres
1214 1596 1322 1643 mei,
1358 1604 1430 1638 aut
1450 1611 1542 1652 quae
1563 1610 1657 1637 ma-

305 1684 320 1703 »
335 1674 397 1708 ter
416 1681 507 1707 mea
523 1665 568 1706 ²?
591 1684 605 1704 n
628 1666 720 1708 Non
745 1666 840 1707 novi
862 1676 1023 1723 patrem
1039 1700 1049 1716 ,
1082 1669 1147 1709 vel
1179 1674 1356 1708 matrem
1372 1697 1382 1713 ‚
1413 1666 1479 1708 vel
1509 1665 1657 1707 fratres

302 1752 444 1785 meos,·
468 1737 545 1778 nisi
564 1737 632 1793 qui
657 1737 836 1779 audiunt
853 1738 1029 1779 verbum
1051 1738 1155 1787 Dei,
1185 1746 1226 1779 ct
1250 1737 1420 1779 faciunt.
1449 1736 1658 1779 Benedic-

305 1818 368 1850 tus
393 1807 517 1849 etiam
535 1822 754 1864 processus
776 1808 1006 1864 juventutis
1023 1809 1173 1866 ipsius,
1199 1809 1240 1850 in
1264 1824 1346 1865 qua
1369 1809 1422 1850 ad
1445 1821 1659 1850 summum

303 1880 461 1920 electus
484 1887 546 1920 est
570 1877 877 1928 sacerdotium,
906 1888 1072 1922 maturo
1105 1879 1189 1935 jam
1222 1879 1425 1935 probatus
1455 1879 1660 1921 virtutum

304 1949 526 2006 stipendio.
562 1949 686 1991 Venit
716 1949 828 1992 enim
860 1958 1059 2006 tanquam
1087 1949 1220 1992 David
1256 1951 1307 1991 ad
1334 1964 1484 2006 pacem
1516 1948 1661 2006 populi

303 2019 652 2063 reformandam&
695 2020 820 2063 Venit
851 2029 1052 2078 tanquam
1090 2022 1159 2062 illa
1188 2021 1303 2063 navis
1335 2035 1485 2061 aurum
1515 2034 1661 2062 secum

305 2090 566 2148 intelligibile
583 2090 755 2139 vehens,
774 2100 815 2132 et
832 2091 941 2147 ligna
967 2090 1152 2141 cedrina,
1175 2099 1216 2132 et
1234 2089 1393 2146 lapides
1415 2089 1659 2146 pretiosos‘*,

303 2171 345 2204 ct
366 2163 452 2203 illas
471 2163 679 2203 eolumbae
697 2177 853 2218 pennas
877 2161 1210 2218 deargentatas⁵,
1240 2160 1395 2217 quibus
1413 2160 1572 2202 medias
1596 2160 1662 2201 in-

306 2239 368 2271 ter
391 2240 522 2273 sortes
544 2246 691 2273 somno
717 2231 829 2287 pacis
856 2239 896 2272 et
927 2231 1241 2288 tranquillitatis
1265 2245 1415 2287 sopore
1446 2228 1656 2271 dormivit.

362 2300 430 2344 IV.
467 2301 541 2343 Est
563 2301 674 2342 enim
701 2310 946 2343 sanctorum
979 2302 1106 2344 etiam
1137 2317 1308 2344 somnus
1335 2300 1570 2358 operariuS,
1602 2314 1662 2341 se-

301 2372 489 2412 cundum
513 2373 626 2427 quod
643 2371 846 2428 scriptum
875 2381 966 2429 est:
999 2390 1014 2411 ιι
1043 2373 1131 2429 Ego
1152 2373 1333 2420 dormio,
1359 2380 1400 2413 et
1423 2385 1497 2412 cor
1520 2384 1663 2411 meum

305 2440 520 2498 »vigilat⁶.
544 2459 560 2480 1>
583 2442 633 2482 Et
655 2444 889 2484 secundum
913 2444 1027 2499 quod
1051 2442 1185 2485 Jacob
1210 2451 1380 2484 sanctus
1403 2441 1541 2483 divina
1568 2439 1663 2481 ἀοι»

354 2553 362 2567 ¹
382 2556 400 2576 2
417 2544 495 2576 Cor.
514 2556 614 2581 x11‚2.
634 2563 672 2569 —-
688 2553 700 2568 ²
724 2546 846 2578 Matlh.
866 2546 1033 2584 x11,l48.-
1064 2548 1076 2572 3
1095 2558 1112 2580 2
1128 2547 1209 2588 [teg.
1228 2556 1259 2585 ν,
1276 2547 1349 2579 5.-
1366 2546 1379 2574 4
1399 2555 1415 2577 2
1430 2543 1535 2577 Paral.
1557 2554 1599 2581 ix,
1613 2552 1663 2575 21·

310 2616 349 2622 —
367 2600 380 2623 ⁶
400 2598 486 2633 Psal.
504 2610 607 2640 van,
625 2600 674 2637 14.
691 2618 731 2625 —
746 2601 760 2623 ⁶
778 2600 875 2634 Cant.
889 2611 921 2640 v,
940 2612 969 2636 2..
