1774 3158
517 207 801 236 nmsronnuu
833 208 989 237 cmss1s
1021 210 1049 237 1.
1383 195 1467 238 303

121 283 207 327 Aut
231 284 264 326 si
298 282 558 328 arbitrantur
597 286 693 329 solis
727 285 965 329 Vestalibus
1006 286 1339 336 conferendum;
1382 303 1468 330 non

121 355 275 410 pudet,
310 363 356 397 ut
392 356 461 411 qui
499 364 635 398 totum
659 356 737 398 sibi
777 358 854 398 sub
888 357 1211 414 imperatoribus
1243 358 1468 415 gentilibus

121 423 413 475 vindicarunt,
439 425 565 467 iidem
587 427 663 468 sub
681 425 940 483 principibus
965 427 1202 469 christianis
1220 443 1303 470 non
1321 437 1468 486 putent

122 494 242 536 nobis
260 503 413 537 sortem
436 497 591 538 debere
613 512 701 538 esse
722 497 1024 539 communem?

178 563 291 607 XIV.
329 564 628 609 Sacerdotibus
650 583 818 624 quoque
840 567 923 609 suis
947 577 988 609 et
1009 567 1210 609 ministris
1233 577 1468 624 queruntur

124 635 319 677 alimenta
339 636 510 693 publica
527 652 611 679 non
632 638 791 696 deberi.
820 638 1014 689 Quantus
1037 638 1136 699 hinc
1161 640 1387 681 verborum
1405 648 1468 681 tu-

123 707 280 748 multus
309 707 546 764 increpuit?
576 709 630 750 At
656 717 829 758 contra,
861 709 980 750 nobis
1011 709 1136 750 etiam
1164 711 1333 766 privatae
1371 725 1468 751 suc-

125 775 320 817 cessionis
342 779 627 819 emolumenta
667 779 906 820 recentibus
931 779 1094 836 legibus
1123 779 1404 836 denegantur,
1427 789 1468 821 et

123 862 248 888 nemo
285 849 578 903 conqueriturg
615 865 698 891 non
730 851 842 892 enim
873 860 1069 907 putamus
1109 850 1334 906 injuriam‘,
1371 851 1467 907 quia

125 918 386 975 dispendium
402 934 483 960 non
508 920 709 964 dolemus.
728 920 770 962 Si
791 921 1055 978 privilegium
1079 930 1235 978 quaerat
1254 922 1464 969 sacerdos,

123 997 170 1029 ut
191 1004 295 1030 onus
319 990 474 1031 curiale
505 991 710 1040 declinet,
738 992 870 1048 patria
906 1001 1030 1048 atque
1066 991 1171 1033 avita
1200 1000 1242 1033 et
1279 991 1469 1033 omnium

122 1057 369 1100 facultatum
406 1061 664 1117 possessione
695 1061 932 1104 cedendum
971 1071 1045 1104 est.
1090 1063 1315 1113 Quomodo
1359 1062 1466 1103 hanc

122 1129 296 1183 gentiles
318 1130 349 1171 si
367 1131 588 1179 haberent,
603 1132 866 1189 ingravarent
883 1133 1249 1188 querelam3quod
1271 1133 1465 1174 sacerdos

124 1197 244 1259 [egias
266 1200 483 1241 ministerii
506 1202 569 1243 sui
590 1211 702 1244 emat
722 1203 847 1244 totius
870 1202 1108 1259 patrimonii
1132 1202 1196 1243 sui
1224 1202 1399 1250 damno,
1424 1210 1466 1242 et

66 1315 69 1325 A
123 1268 272 1325 privati
303 1270 504 1312 universae
546 1272 855 1313 commoditatis
896 1272 1112 1328 dispendio
1150 1286 1273 1313 usum
1309 1270 1467 1327 publici

124 1348 338 1382 mercetur
360 1342 547 1397 obsequii
576 1357 584 1382 τ
616 1343 879 1398 praetendens
903 1342 1140 1383 communis
1177 1341 1320 1382 salutis
1348 1355 1470 1382 excu-

124 1409 233 1458 bias,
258 1410 497 1453 domesticae
524 1412 672 1468 inopiae
699 1427 741 1453 se
774 1414 970 1453 mercede
999 1402 1184 1459 soletur3
1212 1410 1308 1466 quia
1329 1410 1470 1451 minis-
1490 1441 1497 1444 -
1519 1441 1521 1443 .

124 1480 275 1521 terium
297 1495 381 1522 non
405 1481 614 1529 vendidit,
634 1483 706 1523 scd
723 1470 897 1538 gratiam
911 1470 1186 1540 comparavit.
1460 1527 1463 1529 ‚

181 1550 272 1593 XV.
312 1550 508 1592 Conferte
523 1566 681 1594 causas,
710 1551 790 1593 Vos
809 1567 1008 1593 excusare
1024 1551 1147 1592 vultis
1166 1549 1437 1591 decurionem
1456 1580 1467 1597 ,

124 1636 221 1662 cum
244 1621 439 1662 Ecclesia}
456 1637 654 1663 excusare
673 1637 755 1663 non
777 1622 900 1664 liceat
917 1623 1194 1664 sacerdotem.
1216 1620 1470 1662 Scribuntur

125 1699 372 1733 testamenta
395 1694 648 1748 templorum
688 1693 911 1740 ministris,
941 1693 1080 1733 nullus
1107 1691 1314 1747 excipitur
1337 1688 1473 1745 prosa-

124 1777 226 1810 nus,
246 1763 385 1803 nullus
407 1762 565 1803 ultimae
590 1762 840 1803 conditionis
855 1794 865 1810 ,
891 1762 1029 1802 nullus
1049 1760 1249 1817 prodigus
1271 1773 1473 1800 verecun-

125 1831 202 1873 diae
229 1846 238 1873 ε
267 1832 342 1873 soli
373 1847 422 1873 ex
450 1832 645 1873 omnibus
669 1832 824 1874 clerico
852 1846 1078 1873 commune
1100 1830 1165 1886 jus
1188 1828 1424 1875 clauditur,
1452 1842 1473 1868 a

126 1917 208 1958 quo
231 1903 317 1943 solo
354 1917 429 1958 pro
453 1903 648 1943 omnibus
676 1911 820 1944 votum
854 1916 1082 1943 commune
1111 1899 1359 1955 suscipitur,
1387 1895 1476 1937 offi-

125 1972 237 2013 cium
261 1986 487 2013 commune
509 1972 693 2014 defertur
713 1987 721 2013 :
748 1973 860 2013 nulla
881 1973 1017 2028 legata
1039 1971 1105 2011 vel
1127 1969 1313 2026 gravium
1333 1967 1476 2008 vidua-

125 2057 239 2092 rum,
280 2044 392 2085 nulla
421 2044 603 2085 donatio.
641 2044 693 2084 Et
729 2043 801 2084 ubi
830 2042 872 2084 in
906 2041 1095 2083 moribus
1128 2041 1251 2095 culpa
1283 2052 1367 2079 non
1406 2037 1476 2078 de·

125 2115 423 2172 prehenditur3
461 2123 601 2156 tamen
639 2113 779 2155 officio
813 2114 971 2155 mulcta
1003 2110 1302 2169 praescribitur.
1349 2108 1476 2159 Quod

126 2187 413 2229 sacerdotibus
439 2185 519 2227 fani
540 2185 737 2242 legaverit
764 2183 988 2225 christiana
1016 2182 1161 2234 vidua,
1191 2181 1299 2221 valet
1321 2195 1330 2220 ε
1362 2178 1478 2234 quod

126 2258 324 2300 ministris
346 2257 445 2304 Dei,
472 2270 555 2296 non
578 2257 699 2296 valet.
727 2254 854 2306 Quod
876 2267 952 2309 ego
976 2267 1061 2294 non
1082 2259 1127 2291 ut
1147 2264 1299 2306 querar
1316 2281 1326 2296 ,
1343 2249 1417 2290 sed
1435 2255 1481 2288 ut

127 2329 258 2369 sciant
284 2326 386 2382 quid
418 2340 501 2367 non
536 2339 688 2381 querar
707 2358 717 2372 ,
753 2321 1085 2380 comprehendi;
1114 2320 1226 2361 malo
1262 2318 1375 2359 enim
1403 2331 1479 2357 nos

127 2397 306 2457 pecunia
333 2396 516 2438 minores
533 2410 647 2443 esse,
672 2409 797 2450 quam
822 2392 967 2450 gratia.

183 2468 296 2512 XVI.
334 2465 418 2508 Sed
438 2465 626 2508 referunt
647 2480 695 2507 ea
709 2497 720 2513 ,
751 2479 842 2521 quae
862 2464 929 2505 vel
949 2464 1101 2505 donata
1126 2461 1190 2503 vel
1210 2459 1355 2502 relicta
1380 2464 1480 2499 sunt

127 2538 349 2587 Ecclesiae,
379 2551 464 2580 non
485 2551 574 2580 esse
596 2543 816 2579 temerata.
845 2533 999 2577 Dicant
1033 2541 1075 2575 et
1101 2531 1179 2589 ipsi
1203 2529 1294 2587 quis
1321 2526 1490 2584 templis
