1774 3158
510 243 788 271 Erisromnnu
825 243 981 271 cmss1s
1014 244 1039 271 ι.
1373 232 1452 272 205

170 321 288 364 XIX.
321 321 407 378 Ego
443 329 581 362 autem
610 320 806 362 exhorrui
841 335 862 361 a
898 320 1032 377 primo
1056 321 1333 370 calumniam,
1355 322 1450 378 quia

117 391 385 434 advertebam
421 405 504 432 non
539 391 698 431 crimen
734 389 922 438 intendi,
955 390 1027 430 scd
1054 390 1249 446 iujuriam
1286 391 1454 448 virginis

119 460 366 508 desiderari,
400 459 522 515 cujus
558 459 761 515 inspectio
776 467 819 500 et
840 459 1018 500 visitatio
1033 461 1322 515 postulabatur
1337 494 1346 509 ,
1368 477 1453 503 non

113 529 279 584 aliquod
299 528 501 584 flagitium
526 528 806 569 deferebatur.
833 527 938 579 Quis
954 528 1066 568 enim
1085 528 1194 570 istud
1210 544 1229 569 a
1247 530 1453 588 principio

110 588 255 639 ‘fraude
278 598 558 654 compositum
583 600 846 653 nequaquam
882 596 960 638 sibi
988 611 1221 653 congruere
1243 607 1285 640 et
1306 614 1459 642 conve-

113 665 202 707 nire
223 681 307 708 non
329 665 635 708 arbitraretur?
656 665 904 707 Cucurrisse
927 666 1125 707 mulieres
1160 666 1261 708 viles
1289 670 1341 710 ad
1363 684 1457 711 mo-

114 734 340 776 nasterium
367 734 476 791 (76),
516 734 690 789 jactasse
730 743 895 791 partum
918 734 1110 790 virginis,
1137 743 1178 776 et
1196 750 1341 778 necem
1370 738 1457 795 pig-

115 805 227 846 noris
247 837 257 853 ,
287 805 338 846 de
379 805 631 846 monasterio
661 820 876 846 rumorem
906 819 981 861 per
1010 806 1190 861 populos
1235 821 1424 862 sparsum
1447 841 1456 855 ,

115 889 296 931 eumque
322 875 527 916 affluxisse
548 875 587 915 iu
615 890 736 916 aures
757 874 852 916 novi
889 873 1020 916 assinis
1055 874 1247 923 Maximi,
1283 877 1333 917 ab
1372 878 1459 935 ipso

116 944 424 1000 interpellatum
451 943 695 1000 episcopum
715 935 934 990 [dimissas
961 959 1030 985 eas
1067 959 1157 1000 quae
1182 945 1329 987 dixisse
1357 947 1462 990 sere-

117 1018 294 1061 bantur,
319 1022 442 1070 atque
465 1015 506 1055 in
526 1014 662 1070 fugam
682 1023 872 1062 coactas,
892 1023 938 1056 ut
957 1015 1067 1071 apud
1103 1030 1178 1056 nos
1204 1016 1338 1072 patuit
1361 1032 1370 1058 ε
1392 1034 1461 1060 eos

116 1083 186 1139 qui
221 1083 382 1125 audisse
420 1099 462 1125 se
496 1084 704 1131 dicerent,
731 1085 782 1125 ad
807 1084 1040 1125 Ecclesiam
1065 1094 1233 1126 vocatos
1272 1088 1459 1142 prodisse

116 1153 323 1196 Renatum
346 1153 650 1201 etLeontium,
675 1155 780 1194 duos
815 1153 905 1194 illos
933 1153 1161 1209 iniquitatis
1199 1155 1331 1202 viros,
1356 1173 1461 1212 quos

118 1222 310 1278 apposuit
327 1221 546 1269 Jozabel¹,
566 1221 781 1278 redarguit
806 1221 1000 1269 Danie1²‚
1035 1222 1275 1264 subornavit
1299 1225 1461 1267 Jndaeo-

118 1306 210 1332 rum
235 1291 441 1348 populus;
472 1299 517 1332 ut
539 1299 756 1332 auctorem
778 1291 871 1332 vitae
888 1306 974 1332 suae
992 1291 1098 1332 ¹salso
1121 1300 1363 1348 appeterent
1388 1304 1463 1337 tes·

117 1361 293 1403 timonio
306 1360 335 1402 ³.
364 1361 447 1412 Qui
467 1369 603 1402 tamen
618 1375 714 1402 cum
731 1361 856 1402 simul
880 1361 1212 1417 composuissent
1230 1363 1432 1419 flagitIum
1450 1398 1460 1414 ,

118 1431 242 1472 simul
265 1431 437 1487 ingressi
460 1439 599 1472 essent
619 1430 727 1472 viam
746 1462 756 1478 .
788 1439 829 1471 et
861 1445 911 1471 ne
941 1431 1042 1486 quid
1082 1441 1351 1488 praetercam;
1397 1436 1464 1476 ad·

118 1500 252 1556 juncti
274 1500 477 1548 Maximo,
503 1500 829 1547 comitantibus.
855 1508 902 1541 ut
929 1500 1031 1542 dixit
1059 1500 1283 1551 Leontius,
1320 1504 1366 1544 iis
1393 1505 1466 1560 qui

119 1571 237 1612 illum
263 1584 476 1611 rumorem
512 1574 775 1626 sparserant;
807 1579 947 1610 tamen
973 1569 1044 1610 ubi
1069 1570 1108 1611 in
1126 1585 1220 1612 meo
1245 1572 1467 1615 astiterunt

119 1639 277 1695 judicio
295 1671 305 1687 ,
332 1653 428 1680 cum
450 1639 586 1695 primo
610 1640 663 1680 de
687 1638 848 1697 origine
872 1653 1007 1680 causae
1029 1654 1257 1695 quaererem
1272 1673 1286 1688 ,
1308 1642 1467 1685 diversa

120 1717 161 1750 et
183 1708 378 1750 distantia
402 1722 676 1765 prompsere,
702 1722 787 1749 uon
813 1709 1006 1750 locorum
1029 1710 1231 1766 separati,
1257 1712 1329 1752 sed
1348 1727 1468 1754 men-

122 1777 339 1818 daciorum
364 1777 557 1819 divortio.

179 1847 279 1889 XX.
319 1846 425 1888 Cum
449 1846 575 1903 igitur
597 1845 769 1902 sibiipsi
792 1861 875 1887 non
899 1846 1194 1894 convenirent,
1216 1848 1469 1892 Mercurium

124 1924 165 1957 et
186 1916 313 1957 Leam
336 1914 544 1957 vilissimae
571 1914 823 1956 conditionis
856 1924 898 1957 et
920 1916 1240 1959 detestabilioris
1273 1921 1469 1975 nequitiae

124 2000 321 2042 personas
336 1984 693 2032 amandavissent,
716 1984 944 2041 aufugisset
961 1985 1180 2027 Theudule
1195 2019 1204 2034 ,
1226 2002 1308 2028 non
1329 1989 1469 2046 ignara

126 2055 352 2111 objiciendi
375 2055 451 2096 sibi
493 2054 714 2102 facinoris,
748 2054 860 2110 quod
900 2063 995 2095 ante
1023 2055 1180 2096 lectum
1213 2056 1362 2100 Renati
1383 2062 1471 2101 sola

127 2124 418 2172 cubitavisset,
443 2124 594 2165 ancilla
623 2131 773 2179 praesto
798 2131 906 2164 esset
935 2123 1037 2166 alia,
1063 2138 1156 2179 quae
1175 2133 1321 2181 stupro
1355 2128 1472 2182 ejus-

129 2197 226 2236 dem
245 2195 392 2238 Renati
420 2209 464 2236 se
481 2195 641 2236 diceret
664 2193 1006 2249 coinquinatam3
1034 2194 1100 2234 die
1118 2193 1227 2250 ipso,
1249 2197 1319 2251 qui
1337 2198 1473 2240 dictus

129 2273 218 2306 erat
242 2263 492 2321 cognitioni.
526 2264 825 2304 subtraxerunt
847 2278 890 2304 se
912 2263 1207 2319 episcoporum
1229 2270 1471 2317 conventui;

130 2334 228 2376 licet
258 2333 384 2375 etiam
422 2333 557 2390 pridie
589 2332 730 2374 subito
767 2347 810 2374 se
842 2332 1106 2389 profecturos
1141 2333 1252 2376 idem
1292 2335 1475 2380 Renatus

132 2403 387 2445 clamaverit.
1336 2391 1343 2397 Ι

190 2471 308 2515 ΧΧΙ.
344 2471 463 2513 Unde
495 2485 572 2527 ego
606 2469 764 2527 judicio
805 2470 1039 2528 praescripsi
1081 2471 1217 2520 diem,
1250 2481 1292 2514 et
1334 2481 1472 2518 tamen

182 2571 189 2585 ¹
212 2562 230 2592 3
248 2561 322 2604 Reg.
341 2571 404 2599 xxi,
426 2572 474 2594 ιο.
494 2579 533 2586 -
555 2571 567 2586 ¹
587 2562 669 2594 Dan.
684 2571 756 2602 xm,
777 2561 828 2601 15,
843 2566 875 2593 et
886 2571 976 2604 seqq.
993 2578 1033 2587 -
1048 2563 1063 2586 ⁸
1079 2561 1201 2596 Mauh.
1218 2573 1306 2602 xxvi,
1321 2564 1374 2606 59,
1390 2565 1439 2599 60.
