<?xml version="1.0" encoding="UTF-8"?>
<!DOCTYPE html PUBLIC "-//W3C//DTD XHTML 1.0 Transitional//EN"
    "http://www.w3.org/TR/xhtml1/DTD/xhtml1-transitional.dtd">
<html xmlns="http://www.w3.org/1999/xhtml" xml:lang="en" lang="en">
 <head>
  <title>
</title>
<meta http-equiv="Content-Type" content="text/html;charset=utf-8" />
  <meta name='ocr-system' content='tesseract 3.04.00' />
  <meta name='ocr-capabilities' content='ocr_page ocr_carea ocr_par ocr_line ocrx_word'/>
</head>
<body>
  <div class='ocr_page' id='page_1' title='image "./omniaequaeextant08ambruoft_0485.png"; bbox 0 0 1774 3158; ppageno 0'>
   <div class='ocr_carea' id='block_1_1' title="bbox 602 256 1444 313">
    <p class='ocr_par' dir='ltr' id='par_1_1' title="bbox 602 256 1444 313">
     <span class='ocr_line' id='line_1_1' title="bbox 602 256 1444 313; baseline 0.004 -19"><span class='ocrx_word' id='word_1_1' title='bbox 602 265 935 294; x_wconf 53' lang='lat' dir='ltr'><em>Anno-ramosas.</em></span> <span class='ocrx_word' id='word_1_2' title='bbox 1359 256 1444 313; x_wconf 75' lang='grc'><em>469</em></span> 
     </span>
    </p>
   </div>
   <div class='ocr_carea' id='block_1_2' title="bbox 94 343 1443 540">
    <p class='ocr_par' dir='ltr' id='par_1_2' title="bbox 94 343 1443 540">
     <span class='ocr_line' id='line_1_2' title="bbox 97 343 1443 405; baseline 0.003 -19"><span class='ocrx_word' id='word_1_3' title='bbox 97 343 184 387; x_wconf 77' lang='lat' dir='ltr'><em>istis</em></span> <span class='ocrx_word' id='word_1_4' title='bbox 208 344 380 388; x_wconf 87' lang='lat' dir='ltr'><em>vocibus</em></span> <span class='ocrx_word' id='word_1_5' title='bbox 403 343 668 386; x_wconf 80' lang='lat' dir='ltr'><strong>excitaretur.</strong></span> <span class='ocrx_word' id='word_1_6' title='bbox 701 344 878 400; x_wconf 78' lang='lat' dir='ltr'><strong>Insuper</strong></span> <span class='ocrx_word' id='word_1_7' title='bbox 905 352 947 385; x_wconf 91' lang='lat' dir='ltr'><em>et</em></span> <span class='ocrx_word' id='word_1_8' title='bbox 967 359 1016 386; x_wconf 90' lang='lat' dir='ltr'><em>ex</em></span> <span class='ocrx_word' id='word_1_9' title='bbox 1037 344 1158 387; x_wconf 84' lang='lat' dir='ltr'><em>dictis</em></span> <span class='ocrx_word' id='word_1_10' title='bbox 1185 355 1299 403; x_wconf 82' lang='lat' dir='ltr'><em>patet</em></span> <span class='ocrx_word' id='word_1_11' title='bbox 1321 362 1443 405; x_wconf 81' lang='lat' dir='ltr'><em>aper·</em></span> 
     </span>
     <span class='ocr_line' id='line_1_3' title="bbox 95 412 1442 474; baseline 0.003 -19"><span class='ocrx_word' id='word_1_12' title='bbox 95 422 180 455; x_wconf 88' lang='lat' dir='ltr'><em>tam</em></span> <span class='ocrx_word' id='word_1_13' title='bbox 199 413 323 456; x_wconf 83' lang='lat' dir='ltr'><em>fuisse</em></span> <span class='ocrx_word' id='word_1_14' title='bbox 340 414 476 470; x_wconf 80' lang='lat' dir='ltr'><em>Satyri</em></span> <span class='ocrx_word' id='word_1_15' title='bbox 496 414 707 456; x_wconf 79' lang='lat' dir='ltr'><em>cadaveris</em></span> <span class='ocrx_word' id='word_1_16' title='bbox 731 412 878 455; x_wconf 79' lang='lat' dir='ltr'>faciem</span> <span class='ocrx_word' id='word_1_17' title='bbox 899 446 908 461; x_wconf 91' lang='lat'><em>,</em></span> <span class='ocrx_word' id='word_1_18' title='bbox 933 429 1058 470; x_wconf 84' lang='lat' dir='ltr'><em>quam</em></span> <span class='ocrx_word' id='word_1_19' title='bbox 1093 415 1213 458; x_wconf 80' lang='lat' dir='ltr'><em>facile</em></span> <span class='ocrx_word' id='word_1_20' title='bbox 1236 416 1442 474; x_wconf 72' lang='lat' dir='ltr'>inspicere</span> 
     </span>
     <span class='ocr_line' id='line_1_4' title="bbox 94 482 835 540; baseline 0 -16"><span class='ocrx_word' id='word_1_21' title='bbox 94 491 259 540; x_wconf 82' lang='lat' dir='ltr'><em>poterat</em></span> <span class='ocrx_word' id='word_1_22' title='bbox 276 485 452 540; x_wconf 87' lang='lat' dir='ltr'><em>populus</em></span> <span class='ocrx_word' id='word_1_23' title='bbox 469 482 666 526; x_wconf 83' lang='lat' dir='ltr'><em>flebiliter</em></span> <span class='ocrx_word' id='word_1_24' title='bbox 685 493 835 525; x_wconf 79' lang='lat' dir='ltr'><em>astans.</em></span> 
     </span>
    </p>
   </div>
   <div class='ocr_carea' id='block_1_3' title="bbox 467 649 1071 706">
    <p class='ocr_par' dir='ltr' id='par_1_3' title="bbox 467 649 1071 706">
     <span class='ocr_line' id='line_1_5' title="bbox 467 649 1071 706; baseline 0 -16"><span class='ocrx_word' id='word_1_25' title='bbox 467 663 708 690; x_wconf 64' lang='grc' dir='ltr'>ΑκΝοΤΑΤιυ</span> <span class='ocrx_word' id='word_1_26' title='bbox 745 649 835 705; x_wconf 82' lang='lat'>(12)</span> <span class='ocrx_word' id='word_1_27' title='bbox 870 664 961 706; x_wconf 83' lang='lat' dir='ltr'><em>pag.</em></span> <span class='ocrx_word' id='word_1_28' title='bbox 1003 649 1071 705; x_wconf 79' lang='grc'><em>37.</em></span> 
     </span>
    </p>
   </div>
   <div class='ocr_carea' id='block_1_4' title="bbox 86 801 1445 1282">
    <p class='ocr_par' dir='ltr' id='par_1_4' title="bbox 86 801 1445 1282">
     <span class='ocr_line' id='line_1_6' title="bbox 149 801 1444 858; baseline 0.004 -16"><span class='ocrx_word' id='word_1_29' title='bbox 149 801 387 843; x_wconf 85' lang='lat' dir='ltr'><em>Herodotus</em></span> <span class='ocrx_word' id='word_1_30' title='bbox 404 834 413 849; x_wconf 93' lang='lat'><strong><em>,</em></strong></span> <span class='ocrx_word' id='word_1_31' title='bbox 434 817 558 858; x_wconf 88' lang='lat' dir='ltr'><em>quem</em></span> <span class='ocrx_word' id='word_1_32' title='bbox 578 802 727 844; x_wconf 86' lang='lat' dir='ltr'><em>Cicero</em></span> <span class='ocrx_word' id='word_1_33' title='bbox 746 803 785 845; x_wconf 89' lang='lat' dir='ltr'><em>in</em></span> <span class='ocrx_word' id='word_1_34' title='bbox 809 803 1114 845; x_wconf 78' lang='lat' dir='ltr'><em>Consolatione</em></span> <span class='ocrx_word' id='word_1_35' title='bbox 1135 805 1187 846; x_wconf 87' lang='lat' dir='ltr'><em>de</em></span> <span class='ocrx_word' id='word_1_36' title='bbox 1204 804 1299 847; x_wconf 80' lang='lat' dir='ltr'>filiae</span> <span class='ocrx_word' id='word_1_37' title='bbox 1326 806 1444 847; x_wconf 87' lang='lat' dir='ltr'><em>obitu</em></span> 
     </span>
     <span class='ocr_line' id='line_1_7' title="bbox 88 869 1445 929; baseline 0.004 -18"><span class='ocrx_word' id='word_1_38' title='bbox 88 869 253 919; x_wconf 83' lang='lat' dir='ltr'><em>laudat,</em></span> <span class='ocrx_word' id='word_1_39' title='bbox 280 873 457 928; x_wconf 86' lang='lat' dir='ltr'><em>populos</em></span> <span class='ocrx_word' id='word_1_40' title='bbox 480 873 591 928; x_wconf 84' lang='lat' dir='ltr'><em>apud</em></span> <span class='ocrx_word' id='word_1_41' title='bbox 609 888 712 929; x_wconf 87' lang='lat' dir='ltr'><em>quos</em></span> <span class='ocrx_word' id='word_1_42' title='bbox 739 873 957 915; x_wconf 80' lang='lat' dir='ltr'>obtinebat</span> <span class='ocrx_word' id='word_1_43' title='bbox 976 889 1022 916; x_wconf 84' lang='lat' dir='ltr'><em>ea</em></span> <span class='ocrx_word' id='word_1_44' title='bbox 1044 876 1305 917; x_wconf 85' lang='lat' dir='ltr'><em>consuetudo</em></span> <span class='ocrx_word' id='word_1_45' title='bbox 1320 908 1329 922; x_wconf 90' lang='lat'>,</span> <span class='ocrx_word' id='word_1_46' title='bbox 1356 891 1445 917; x_wconf 73' lang='lat' dir='ltr'><em>uie-</em></span> 
     </span>
     <span class='ocr_line' id='line_1_8' title="bbox 87 941 1441 998; baseline 0.004 -17"><span class='ocrx_word' id='word_1_47' title='bbox 87 949 250 990; x_wconf 84' lang='lat' dir='ltr'><em>morat,</em></span> <span class='ocrx_word' id='word_1_48' title='bbox 273 941 344 983; x_wconf 91' lang='lat' dir='ltr'><em>lib.</em></span> <span class='ocrx_word' id='word_1_49' title='bbox 378 957 418 989; x_wconf 78' lang='lat' dir='ltr'><em>V,</em></span> <span class='ocrx_word' id='word_1_50' title='bbox 451 943 521 984; x_wconf 89' lang='lat' dir='ltr'><em>cui</em></span> <span class='ocrx_word' id='word_1_51' title='bbox 554 943 653 985; x_wconf 85' lang='lat' dir='ltr'><em>licet</em></span> <span class='ocrx_word' id='word_1_52' title='bbox 686 942 855 998; x_wconf 83' lang='lat' dir='ltr'><em>adjicias</em></span> <span class='ocrx_word' id='word_1_53' title='bbox 891 943 975 985; x_wconf 80' lang='lat' dir='ltr'><strong>val.</strong></span> <span class='ocrx_word' id='word_1_54' title='bbox 1006 944 1253 993; x_wconf 82' lang='lat' dir='ltr'><em>Maximum,</em></span> <span class='ocrx_word' id='word_1_55' title='bbox 1288 944 1358 986; x_wconf 89' lang='lat' dir='ltr'><em>lib.</em></span> <span class='ocrx_word' id='word_1_56' title='bbox 1389 961 1441 992; x_wconf 87' lang='grc' dir='ltr'><em>ιι,</em></span> 
     </span>
     <span class='ocr_line' id='line_1_9' title="bbox 88 1010 1443 1070; baseline 0 -16"><span class='ocrx_word' id='word_1_57' title='bbox 88 1026 179 1069; x_wconf 83' lang='lat' dir='ltr'><em>cap.</em></span> <span class='ocrx_word' id='word_1_58' title='bbox 217 1016 254 1053; x_wconf 89' lang='lat'><em>6.</em></span> <span class='ocrx_word' id='word_1_59' title='bbox 291 1010 506 1060; x_wconf 78' lang='lat' dir='ltr'><em>solinum,</em></span> <span class='ocrx_word' id='word_1_60' title='bbox 540 1013 684 1070; x_wconf 86' lang='lat' dir='ltr'><em>Pomp.</em></span> <span class='ocrx_word' id='word_1_61' title='bbox 715 1014 863 1055; x_wconf 75' lang='lat' dir='ltr'><strong>Melam</strong></span> <span class='ocrx_word' id='word_1_62' title='bbox 882 1047 891 1062; x_wconf 88' lang='lat'><em>,</em></span> <span class='ocrx_word' id='word_1_63' title='bbox 916 1022 958 1056; x_wconf 86' lang='lat' dir='ltr'><em>et</em></span> <span class='ocrx_word' id='word_1_64' title='bbox 980 1014 1095 1055; x_wconf 81' lang='lat' dir='ltr'><em>alios.</em></span> <span class='ocrx_word' id='word_1_65' title='bbox 1127 1013 1230 1055; x_wconf 78' lang='lat' dir='ltr'><em>Vide</em></span> <span class='ocrx_word' id='word_1_66' title='bbox 1250 1014 1443 1055; x_wconf 72' lang='lat' dir='ltr'><em>similiter</em></span> 
     </span>
     <span class='ocr_line' id='line_1_10' title="bbox 86 1081 1442 1141; baseline 0 -17"><span class='ocrx_word' id='word_1_67' title='bbox 86 1082 271 1124; x_wconf 82' lang='lat' dir='ltr'><em>Tullium</em></span> <span class='ocrx_word' id='word_1_68' title='bbox 296 1083 372 1124; x_wconf 85' lang='lat' dir='ltr'><em>sub</em></span> <span class='ocrx_word' id='word_1_69' title='bbox 391 1081 517 1124; x_wconf 84' lang='lat' dir='ltr'><em>finem</em></span> <span class='ocrx_word' id='word_1_70' title='bbox 540 1083 683 1141; x_wconf 85' lang='lat' dir='ltr'><em>primae</em></span> <span class='ocrx_word' id='word_1_71' title='bbox 705 1084 827 1125; x_wconf 73' lang='lat' dir='ltr'><em>Taso.</em></span> <span class='ocrx_word' id='word_1_72' title='bbox 851 1085 1010 1136; x_wconf 66' lang='lat' dir='ltr'><em>Quaest.</em></span> <span class='ocrx_word' id='word_1_73' title='bbox 1033 1084 1105 1125; x_wconf 91' lang='lat' dir='ltr'><em>ubi</em></span> <span class='ocrx_word' id='word_1_74' title='bbox 1123 1086 1315 1126; x_wconf 80' lang='lat' dir='ltr'><em>camdem</em></span> <span class='ocrx_word' id='word_1_75' title='bbox 1335 1084 1442 1126; x_wconf 77' lang='lat' dir='ltr'><em>iliius</em></span> 
     </span>
     <span class='ocr_line' id='line_1_11' title="bbox 89 1153 1442 1213; baseline 0.001 -19"><span class='ocrx_word' id='word_1_76' title='bbox 89 1153 147 1195; x_wconf 89' lang='lat' dir='ltr'><em>rei</em></span> <span class='ocrx_word' id='word_1_77' title='bbox 172 1168 340 1195; x_wconf 81' lang='lat' dir='ltr'><em>causam</em></span> <span class='ocrx_word' id='word_1_78' title='bbox 355 1186 364 1200; x_wconf 89' lang='lat'>‚</span> <span class='ocrx_word' id='word_1_79' title='bbox 383 1169 474 1210; x_wconf 80' lang='lat' dir='ltr'><em>quae</em></span> <span class='ocrx_word' id='word_1_80' title='bbox 498 1155 547 1196; x_wconf 82' lang='lat' dir='ltr'><em>ab</em></span> <span class='ocrx_word' id='word_1_81' title='bbox 568 1154 791 1196; x_wconf 78' lang='lat' dir='ltr'><em>Ambrosio</em></span> <span class='ocrx_word' id='word_1_82' title='bbox 814 1155 881 1196; x_wconf 80' lang='lat' dir='ltr'><em>hic</em></span> <span class='ocrx_word' id='word_1_83' title='bbox 900 1155 1139 1211; x_wconf 76' lang='lat' dir='ltr'><em>subjicitur,</em></span> <span class='ocrx_word' id='word_1_84' title='bbox 1159 1172 1208 1198; x_wconf 89' lang='lat' dir='ltr'><em>ex</em></span> <span class='ocrx_word' id='word_1_85' title='bbox 1234 1155 1442 1213; x_wconf 75' lang='lat' dir='ltr'>Euripidis</span> 
     </span>
     <span class='ocr_line' id='line_1_12' title="bbox 91 1224 469 1282; baseline 0.005 -17"><span class='ocrx_word' id='word_1_86' title='bbox 91 1224 277 1266; x_wconf 78' lang='lat' dir='ltr'><em>versibus</em></span> <span class='ocrx_word' id='word_1_87' title='bbox 303 1226 469 1282; x_wconf 79' lang='lat' dir='ltr'><em>promit.</em></span> 
     </span>
    </p>
   </div>
   <div class='ocr_carea' id='block_1_5' title="bbox 458 1381 1060 1438">
    <p class='ocr_par' dir='ltr' id='par_1_5' title="bbox 458 1381 1060 1438">
     <span class='ocr_line' id='line_1_13' title="bbox 458 1381 1060 1438; baseline 0 -16"><span class='ocrx_word' id='word_1_88' title='bbox 458 1396 699 1422; x_wconf 59' lang='grc' dir='ltr'><em>ΑΜΟἰἋΤιο</em></span> <span class='ocrx_word' id='word_1_89' title='bbox 735 1381 807 1435; x_wconf 77' lang='lat'><em>(12</em></span> <span class='ocrx_word' id='word_1_90' title='bbox 844 1381 923 1438; x_wconf 77' lang='lat' dir='ltr'><em>bis)</em></span> <span class='ocrx_word' id='word_1_91' title='bbox 960 1381 1060 1424; x_wconf 88' lang='lat' dir='ltr'><em>ibid.</em></span> 
     </span>
    </p>
   </div>
   <div class='ocr_carea' id='block_1_6' title="bbox 77 1533 1439 2283">
    <p class='ocr_par' dir='ltr' id='par_1_6' title="bbox 77 1533 1439 2283">
     <span class='ocr_line' id='line_1_14' title="bbox 144 1533 1439 1592; baseline -0.001 -18"><span class='ocrx_word' id='word_1_92' title='bbox 144 1533 322 1576; x_wconf 75' lang='lat' dir='ltr'><em>Natales</em></span> <span class='ocrx_word' id='word_1_93' title='bbox 344 1535 435 1576; x_wconf 79' lang='lat' dir='ltr'><em>dies</em></span> <span class='ocrx_word' id='word_1_94' title='bbox 458 1535 766 1592; x_wconf 74' lang='lat' dir='ltr'><em>defunctorum</em></span> <span class='ocrx_word' id='word_1_95' title='bbox 782 1568 792 1584; x_wconf 85' lang='lat'><em>,</em></span> <span class='ocrx_word' id='word_1_96' title='bbox 816 1535 999 1592; x_wconf 78' lang='lat' dir='ltr'><em>intellige</em></span> <span class='ocrx_word' id='word_1_97' title='bbox 1024 1549 1107 1575; x_wconf 90' lang='lat' dir='ltr'><em>non</em></span> <span class='ocrx_word' id='word_1_98' title='bbox 1126 1542 1290 1576; x_wconf 77' lang='lat' dir='ltr'><em>tantum</em></span> <span class='ocrx_word' id='word_1_99' title='bbox 1330 1548 1439 1575; x_wconf 78' lang='lat' dir='ltr'><em>mar-</em></span> 
     </span>
     <span class='ocr_line' id='line_1_15' title="bbox 84 1603 1436 1662; baseline -0.001 -17"><span class='ocrx_word' id='word_1_100' title='bbox 84 1612 241 1659; x_wconf 66' lang='lat' dir='ltr'><em>tyrum,</em></span> <span class='ocrx_word' id='word_1_101' title='bbox 267 1607 317 1645; x_wconf 82' lang='lat' dir='ltr'><em>de</em></span> <span class='ocrx_word' id='word_1_102' title='bbox 336 1605 488 1660; x_wconf 89' lang='lat' dir='ltr'><em>quibus</em></span> <span class='ocrx_word' id='word_1_103' title='bbox 509 1605 743 1662; x_wconf 72' lang='lat' dir='ltr'>Cyprianus</span> <span class='ocrx_word' id='word_1_104' title='bbox 761 1605 901 1661; x_wconf 76' lang='lat' dir='ltr'><em>Epist.</em></span> <span class='ocrx_word' id='word_1_105' title='bbox 923 1620 1092 1661; x_wconf 74' lang='lat' dir='ltr'><em>paraen.</em></span> <span class='ocrx_word' id='word_1_106' title='bbox 1118 1613 1159 1645; x_wconf 87' lang='lat' dir='ltr'><em>et</em></span> <span class='ocrx_word' id='word_1_107' title='bbox 1178 1604 1244 1645; x_wconf 84' lang='lat' dir='ltr'><em>alii</em></span> <span class='ocrx_word' id='word_1_108' title='bbox 1267 1603 1436 1660; x_wconf 77' lang='lat' dir='ltr'>plurimi</span> 
     </span>
     <span class='ocr_line' id='line_1_16' title="bbox 82 1675 1432 1729; baseline -0.001 -14"><span class='ocrx_word' id='word_1_109' title='bbox 82 1675 392 1722; x_wconf 78' lang='lat' dir='ltr'><em>meminerunt3</em></span> <span class='ocrx_word' id='word_1_110' title='bbox 419 1678 490 1717; x_wconf 83' lang='lat' dir='ltr'><em>sed</em></span> <span class='ocrx_word' id='word_1_111' title='bbox 513 1677 638 1717; x_wconf 83' lang='lat' dir='ltr'><em>etiam</em></span> <span class='ocrx_word' id='word_1_112' title='bbox 657 1676 832 1717; x_wconf 74' lang='lat' dir='ltr'><em>alioruin</em></span> <span class='ocrx_word' id='word_1_113' title='bbox 861 1675 1196 1717; x_wconf 77' lang='lat' dir='ltr'><em>Christianorum</em></span> <span class='ocrx_word' id='word_1_114' title='bbox 1217 1707 1226 1721; x_wconf 93' lang='lat'><em>,</em></span> <span class='ocrx_word' id='word_1_115' title='bbox 1253 1688 1432 1729; x_wconf 74' lang='lat' dir='ltr'><em>quorum</em></span> 
     </span>
     <span class='ocr_line' id='line_1_17' title="bbox 81 1745 1431 1803; baseline -0.001 -17"><span class='ocrx_word' id='word_1_116' title='bbox 81 1745 219 1786; x_wconf 80' lang='lat' dir='ltr'><em>obitus</em></span> <span class='ocrx_word' id='word_1_117' title='bbox 242 1747 464 1802; x_wconf 78' lang='lat' dir='ltr'><em>quotannis</em></span> <span class='ocrx_word' id='word_1_118' title='bbox 486 1747 680 1803; x_wconf 83' lang='lat' dir='ltr'><em>precihus</em></span> <span class='ocrx_word' id='word_1_119' title='bbox 705 1755 828 1802; x_wconf 80' lang='lat' dir='ltr'><em>atque</em></span> <span class='ocrx_word' id='word_1_120' title='bbox 857 1745 1072 1787; x_wconf 69' lang='lat' dir='ltr'><em>sacrificiis</em></span> <span class='ocrx_word' id='word_1_121' title='bbox 1098 1746 1304 1787; x_wconf 82' lang='lat' dir='ltr'><em>celebrari</em></span> <span class='ocrx_word' id='word_1_122' title='bbox 1327 1759 1431 1785; x_wconf 87' lang='lat' dir='ltr'><em>con-</em></span> 
     </span>
     <span class='ocr_line' id='line_1_18' title="bbox 81 1815 1430 1872; baseline -0.002 -16"><span class='ocrx_word' id='word_1_123' title='bbox 81 1825 298 1860; x_wconf 79' lang='lat' dir='ltr'><em>sueverat.</em></span> <span class='ocrx_word' id='word_1_124' title='bbox 333 1825 377 1857; x_wconf 85' lang='lat' dir='ltr'><em>ut</em></span> <span class='ocrx_word' id='word_1_125' title='bbox 405 1818 566 1858; x_wconf 78' lang='lat' dir='ltr'><strong>discere</strong></span> <span class='ocrx_word' id='word_1_126' title='bbox 593 1826 654 1858; x_wconf 74' lang='lat' dir='ltr'><em>est</em></span> <span class='ocrx_word' id='word_1_127' title='bbox 691 1833 740 1858; x_wconf 83' lang='lat' dir='ltr'><em>ex</em></span> <span class='ocrx_word' id='word_1_128' title='bbox 769 1817 1050 1864; x_wconf 69' lang='lat' dir='ltr'><em>Tertulliano,</em></span> <span class='ocrx_word' id='word_1_129' title='bbox 1077 1816 1149 1857; x_wconf 86' lang='lat' dir='ltr'><em>lib.</em></span> <span class='ocrx_word' id='word_1_130' title='bbox 1183 1815 1234 1856; x_wconf 68' lang='lat' dir='ltr'><em>de</em></span> <span class='ocrx_word' id='word_1_131' title='bbox 1258 1815 1430 1872; x_wconf 70' lang='lat' dir='ltr'><em>Monog.</em></span> 
     </span>
     <span class='ocr_line' id='line_1_19' title="bbox 81 1887 1433 1944; baseline -0.003 -15"><span class='ocrx_word' id='word_1_132' title='bbox 81 1901 249 1943; x_wconf 81' lang='lat' dir='ltr'><em>cap.1o.</em></span> <span class='ocrx_word' id='word_1_133' title='bbox 285 1888 474 1943; x_wconf 81' lang='lat' dir='ltr'><em>Denique</em></span> <span class='ocrx_word' id='word_1_134' title='bbox 517 1890 672 1930; x_wconf 80' lang='lat' dir='ltr'><em>natales</em></span> <span class='ocrx_word' id='word_1_135' title='bbox 711 1889 797 1930; x_wconf 82' lang='lat' dir='ltr'><em>dies</em></span> <span class='ocrx_word' id='word_1_136' title='bbox 835 1903 882 1930; x_wconf 87' lang='lat' dir='ltr'><em>ac</em></span> <span class='ocrx_word' id='word_1_137' title='bbox 917 1887 1104 1928; x_wconf 76' lang='lat' dir='ltr'><em>natalitia</em></span> <span class='ocrx_word' id='word_1_138' title='bbox 1152 1895 1433 1944; x_wconf 80' lang='lat' dir='ltr'><em>praeterquain</em></span> 
     </span>
     <span class='ocr_line' id='line_1_20' title="bbox 79 1956 1433 2014; baseline -0.001 -17"><span class='ocrx_word' id='word_1_139' title='bbox 79 1958 193 2012; x_wconf 88' lang='lat' dir='ltr'><em>quod</em></span> <span class='ocrx_word' id='word_1_140' title='bbox 224 1958 479 2013; x_wconf 72' lang='lat' dir='ltr'><em>martyribus</em></span> <span class='ocrx_word' id='word_1_141' title='bbox 513 1959 962 2006; x_wconf 83' lang='lat' dir='ltr'><em>accommodabantur,</em></span> <span class='ocrx_word' id='word_1_142' title='bbox 993 1972 1076 2014; x_wconf 89' lang='lat' dir='ltr'><em>quo</em></span> <span class='ocrx_word' id='word_1_143' title='bbox 1100 1972 1222 1998; x_wconf 83' lang='lat' dir='ltr'><em>sensu</em></span> <span class='ocrx_word' id='word_1_144' title='bbox 1261 1956 1301 1997; x_wconf 87' lang='lat' dir='ltr'><em>in</em></span> <span class='ocrx_word' id='word_1_145' title='bbox 1333 1957 1433 1998; x_wconf 82' lang='lat' dir='ltr'><em>Pau-</em></span> 
     </span>
     <span class='ocr_line' id='line_1_21' title="bbox 77 2026 1426 2084; baseline -0.001 -16"><span class='ocrx_word' id='word_1_146' title='bbox 77 2027 150 2068; x_wconf 89' lang='lat' dir='ltr'><em>lini</em></span> <span class='ocrx_word' id='word_1_147' title='bbox 174 2028 432 2069; x_wconf 79' lang='lat' dir='ltr'><em>carminibus</em></span> <span class='ocrx_word' id='word_1_148' title='bbox 456 2030 506 2070; x_wconf 86' lang='lat' dir='ltr'><em>de</em></span> <span class='ocrx_word' id='word_1_149' title='bbox 527 2038 674 2070; x_wconf 70' lang='lat' dir='ltr'><em>sancto</em></span> <span class='ocrx_word' id='word_1_150' title='bbox 698 2029 839 2070; x_wconf 81' lang='lat' dir='ltr'><em>Felice</em></span> <span class='ocrx_word' id='word_1_151' title='bbox 868 2044 950 2069; x_wconf 87' lang='lat' dir='ltr'><em>non</em></span> <span class='ocrx_word' id='word_1_152' title='bbox 989 2028 1118 2069; x_wconf 83' lang='lat' dir='ltr'><em>semel</em></span> <span class='ocrx_word' id='word_1_153' title='bbox 1150 2026 1281 2084; x_wconf 79' lang='lat' dir='ltr'><em>posita</em></span> <span class='ocrx_word' id='word_1_154' title='bbox 1304 2035 1426 2072; x_wconf 81' lang='lat' dir='ltr'><em>sunt,</em></span> 
     </span>
     <span class='ocr_line' id='line_1_22' title="bbox 79 2098 1430 2155; baseline -0.002 -16"><span class='ocrx_word' id='word_1_155' title='bbox 79 2099 330 2155; x_wconf 73' lang='lat' dir='ltr'><em>aptabantur</em></span> <span class='ocrx_word' id='word_1_156' title='bbox 351 2100 477 2140; x_wconf 86' lang='lat' dir='ltr'><em>etiam</em></span> <span class='ocrx_word' id='word_1_157' title='bbox 497 2100 586 2141; x_wconf 80' lang='lat' dir='ltr'><em>aliis</em></span> <span class='ocrx_word' id='word_1_158' title='bbox 608 2100 746 2141; x_wconf 79' lang='lat' dir='ltr'><em>robus.</em></span> <span class='ocrx_word' id='word_1_159' title='bbox 775 2100 844 2141; x_wconf 85' lang='lat' dir='ltr'><em>Sic</em></span> <span class='ocrx_word' id='word_1_160' title='bbox 868 2099 1139 2146; x_wconf 78' lang='lat' dir='ltr'><em>Ambrosius,</em></span> <span class='ocrx_word' id='word_1_161' title='bbox 1164 2098 1235 2140; x_wconf 89' lang='lat' dir='ltr'><em>lib.</em></span> <span class='ocrx_word' id='word_1_162' title='bbox 1267 2113 1356 2144; x_wconf 78' lang='lat' dir='ltr'><em>vui,</em></span> <span class='ocrx_word' id='word_1_163' title='bbox 1381 2098 1430 2136; x_wconf 79' lang='lat' dir='ltr'><em>in</em></span> 
     </span>
     <span class='ocr_line' id='line_1_23' title="bbox 78 2168 1428 2227; baseline -0.002 -17"><span class='ocrx_word' id='word_1_164' title='bbox 78 2168 201 2216; x_wconf 66' lang='lat' dir='ltr'><em>Luc„</em></span> <span class='ocrx_word' id='word_1_165' title='bbox 224 2185 338 2211; x_wconf 90' lang='lat' dir='ltr'><em>num.</em></span> <span class='ocrx_word' id='word_1_166' title='bbox 367 2171 418 2225; x_wconf 78' lang='lat'><em>75</em></span> <span class='ocrx_word' id='word_1_167' title='bbox 437 2203 446 2217; x_wconf 95' lang='lat'>,</span> <span class='ocrx_word' id='word_1_168' title='bbox 472 2180 514 2212; x_wconf 87' lang='lat' dir='ltr'><em>et</em></span> <span class='ocrx_word' id='word_1_169' title='bbox 535 2171 654 2227; x_wconf 78' lang='lat' dir='ltr'><em>epist.</em></span> <span class='ocrx_word' id='word_1_170' title='bbox 686 2186 740 2219; x_wconf 74' lang='lat' dir='ltr'><em>iv,</em></span> <span class='ocrx_word' id='word_1_171' title='bbox 766 2170 824 2211; x_wconf 75' lang='lat' dir='ltr'><em>ad</em></span> <span class='ocrx_word' id='word_1_172' title='bbox 847 2170 1030 2211; x_wconf 61' lang='lat' dir='ltr'><em>Felicem</em></span> <span class='ocrx_word' id='word_1_173' title='bbox 1056 2168 1201 2216; x_wconf 86' lang='lat' dir='ltr'><em>Com.,</em></span> <span class='ocrx_word' id='word_1_174' title='bbox 1231 2183 1345 2209; x_wconf 84' lang='lat' dir='ltr'><em>num.</em></span> <span class='ocrx_word' id='word_1_175' title='bbox 1378 2184 1397 2207; x_wconf 71' lang='lat'><strong>2</strong></span> <span class='ocrx_word' id='word_1_176' title='bbox 1418 2200 1428 2215; x_wconf 93' lang='lat'><strong>‚</strong></span> 
     </span>
     <span class='ocr_line' id='line_1_24' title="bbox 80 2241 745 2283; baseline 0.002 -1"><span class='ocrx_word' id='word_1_177' title='bbox 80 2242 301 2283; x_wconf 78' lang='lat' dir='ltr'><em>sacerdotii</em></span> <span class='ocrx_word' id='word_1_178' title='bbox 321 2241 410 2283; x_wconf 84' lang='lat' dir='ltr'><em>initi</em></span> <span class='ocrx_word' id='word_1_179' title='bbox 434 2243 610 2283; x_wconf 76' lang='lat' dir='ltr'><em>natalem</em></span> <span class='ocrx_word' id='word_1_180' title='bbox 633 2243 745 2283; x_wconf 87' lang='lat' dir='ltr'><em>dicit.</em></span> 
     </span>
    </p>
   </div>
   <div class='ocr_carea' id='block_1_7' title="bbox 455 2379 1061 2436">
    <p class='ocr_par' dir='ltr' id='par_1_7' title="bbox 455 2379 1061 2436">
     <span class='ocr_line' id='line_1_25' title="bbox 455 2379 1061 2436; baseline -0.002 -16"><span class='ocrx_word' id='word_1_181' title='bbox 455 2394 697 2420; x_wconf 66' lang='lat' dir='ltr'>ANNOTATIO</span> <span class='ocrx_word' id='word_1_182' title='bbox 736 2380 823 2435; x_wconf 64' lang='grc' dir='ltr'>(ιδ)</span> <span class='ocrx_word' id='word_1_183' title='bbox 863 2394 954 2436; x_wconf 75' lang='lat' dir='ltr'><em>pag.</em></span> <span class='ocrx_word' id='word_1_184' title='bbox 993 2379 1061 2420; x_wconf 80' lang='lat'><em>38.</em></span> 
     </span>
    </p>
   </div>
   <div class='ocr_carea' id='block_1_8' title="bbox 78 2512 1437 2647">
    <p class='ocr_par' dir='ltr' id='par_1_8' title="bbox 78 2512 1437 2647">
     <span class='ocr_line' id='line_1_26' title="bbox 138 2512 1435 2567; baseline -0.005 -9"><span class='ocrx_word' id='word_1_185' title='bbox 138 2516 312 2564; x_wconf 81' lang='lat' dir='ltr'><em>Cicero,</em></span> <span class='ocrx_word' id='word_1_186' title='bbox 339 2516 409 2558; x_wconf 88' lang='lat' dir='ltr'><em>lih.</em></span> <span class='ocrx_word' id='word_1_187' title='bbox 436 2531 482 2558; x_wconf 92' lang='grc' dir='ltr'><em>ιιι</em></span> <span class='ocrx_word' id='word_1_188' title='bbox 519 2515 690 2557; x_wconf 69' lang='lat' dir='ltr'><em>fl&#39;useul.</em></span> <span class='ocrx_word' id='word_1_189' title='bbox 719 2516 881 2567; x_wconf 77' lang='lat' dir='ltr'><em>Quoest.</em></span> <span class='ocrx_word' id='word_1_190' title='bbox 907 2515 1019 2556; x_wconf 82' lang='lat' dir='ltr'><strong>illam</strong></span> <span class='ocrx_word' id='word_1_191' title='bbox 1037 2513 1263 2555; x_wconf 73' lang='lat' dir='ltr'><em>mulierum</em></span> <span class='ocrx_word' id='word_1_192' title='bbox 1284 2512 1323 2552; x_wconf 91' lang='lat' dir='ltr'><em>in</em></span> <span class='ocrx_word' id='word_1_193' title='bbox 1346 2512 1435 2552; x_wconf 83' lang='lat' dir='ltr'><em>luc·</em></span> 
     </span>
     <span class='ocr_line' id='line_1_27' title="bbox 78 2584 1437 2647; baseline -0.005 -16"><span class='ocrx_word' id='word_1_194' title='bbox 78 2588 190 2631; x_wconf 73' lang='lat' dir='ltr'><em>tibus</em></span> <span class='ocrx_word' id='word_1_195' title='bbox 213 2588 578 2647; x_wconf 73' lang='lat' dir='ltr'><em>intemperantiam</em></span> <span class='ocrx_word' id='word_1_196' title='bbox 605 2596 726 2629; x_wconf 81' lang='lat' dir='ltr'><em>vocat</em></span> <span class='ocrx_word' id='word_1_197' title='bbox 748 2589 879 2629; x_wconf 77' lang='lat' dir='ltr'><em>varia</em></span> <span class='ocrx_word' id='word_1_198' title='bbox 893 2619 905 2634; x_wconf 92' lang='lat'>‚</span> <span class='ocrx_word' id='word_1_199' title='bbox 927 2596 967 2628; x_wconf 77' lang='lat' dir='ltr'><em>ot</em></span> <span class='ocrx_word' id='word_1_200' title='bbox 984 2584 1258 2627; x_wconf 64' lang='lat' dir='ltr'><em>[lecescabicia</em></span> <span class='ocrx_word' id='word_1_201' title='bbox 1276 2597 1437 2639; x_wconf 72' lang='lat' dir='ltr'><em>genera</em></span> 
     </span>
    </p>
   </div>
  </div>
 </body>
</html>
