1774 3158
487 277 773 308 nrlsromnnu
806 277 962 304 CLASSIS
995 280 1023 305 1.
1361 265 1441 309 213

92 358 266 401 victoria
287 358 480 400 habetur.
509 356 595 399 Nec
632 355 901 397 foeminarum
934 370 1138 398 numerus
1164 358 1268 400 tanti
1301 358 1445 401 discri-

92 428 215 471 minis
246 443 364 470 exors
396 428 504 470 fuit:
531 428 604 468 sed
635 425 770 467 omnis
809 425 942 466 tribus
976 425 1197 481 Benjamin
1228 429 1446 472 muliebris

92 514 212 541 sexus
234 513 330 540 cum
362 497 502 554 pueris
534 504 574 538 et
604 495 779 553 puellis,
815 495 1013 550 omnique
1045 504 1166 537 aetate
1199 498 1336 553 gladio
1377 508 1447 542 aut

92 569 186 626 igne
203 567 433 616 extinctus;
461 575 855 622 sacramentumque
883 565 1070 607 additum
1086 597 1096 612 ,
1125 582 1176 608 ne
1198 568 1288 623 quis
1312 569 1445 611 tribus

91 638 200 680 illius
222 638 309 680 viro
331 637 460 680 filiam
479 652 596 679 suam
617 637 658 678 in
680 651 853 678 uxorem
875 635 1016 685 daret,
1031 652 1115 693 quo
1133 639 1355 694 reparandi
1374 655 1446 681 no·

90 710 214 752 minis
238 710 374 752 omnis
393 709 632 750 aboleretur
651 708 874 750 successio.

149 780 261 823 XIV.
300 780 406 822 Belli
423 778 516 820 finis
541 778 667 820 simul
690 787 814 835 atque
839 778 908 820 irae
932 778 1083 828 factus,
1100 788 1142 822 et
1166 780 1282 822 furor
1299 780 1340 821 in
1362 795 1448 837 poe·

89 851 309 894 nitentiam
327 850 473 892 vertit¹
496 850 730 906 :armisque
752 849 913 907 positis,
932 850 972 891 in
999 865 1129 892 unum
1148 850 1447 893 convenientes

88 922 166 964 viri
188 922 314 963 Israe'l
336 921 544 963 fleverunt
568 921 716 962 fletum
738 935 959 977 magnum,
985 930 1026 962 et
1054 922 1325 963 celebrarunt
1341 921 1447 978 jeju-

89 992 205 1034 nium
224 1024 234 1040 ,
265 993 453 1033 dolentes
478 1005 604 1032 unam
631 991 787 1032 tribum
811 990 967 1048 perisse
995 1006 1045 1032 ex
1075 991 1298 1039 fratribus,
1323 1000 1448 1047 atque

90 1063 316 1104 extinctam
338 1062 483 1119 populi
513 1062 576 1103 sui
599 1061 780 1103 validam
808 1075 980 1101 manum
1003 1075 1011 1101 :
1049 1060 1144 1116 jure
1167 1061 1338 1116 quidem
1373 1075 1447 1118 pro

90 1133 231 1175 delicti
263 1134 397 1190 pretio
431 1133 632 1174 bellatum
660 1133 879 1173 adversum
907 1140 1240 1188 propugnatores
1266 1131 1448 1188 flagitio-

89 1218 209 1253 rum,
234 1203 306 1244 sed
334 1202 485 1244 misere
518 1202 559 1243 in
592 1217 665 1244 sua
696 1203 899 1259 populum
923 1216 1173 1242 conversum
1195 1201 1378 1250 viscera,
1405 1209 1448 1243 et

87 1274 198 1316 bello
223 1274 332 1315 civili
359 1283 587 1330 utrumque
615 1273 828 1314 afflictum.
853 1272 1157 1329 Lacrymarum
1181 1272 1331 1314 effusio
1354 1287 1447 1316 mo-

89 1344 146 1386 vit
173 1344 408 1401 passionem
434 1344 583 1391 animi,
615 1351 656 1384 et
679 1343 878 1385 affectum
908 1343 1118 1400 perpulit,
1142 1344 1306 1384 saevitiae
1340 1343 1446 1385 ratio

90 1414 291 1457 successit
325 1429 333 1455 :
374 1415 572 1470 missique
604 1414 729 1470 legati
767 1414 818 1454 ad
855 1423 1074 1455 sexcentos
1109 1414 1199 1454 illos
1223 1412 1447 1469 Benjamin

89 1485 197 1526 viros
213 1517 222 1531 ‚
243 1485 312 1541 qui
340 1500 413 1541 per
430 1492 611 1541 quatuor
634 1498 796 1525 menses
819 1483 932 1525 edito
956 1499 998 1524 se
1025 1492 1333 1540 praeruptarum
1357 1491 1449 1525 tue·-

87 1556 242 1597 bantur
273 1555 467 1612 rupium,
500 1563 571 1596 aut
598 1554 750 1596 deserti
784 1553 1034 1610 indigentia,
1069 1569 1159 1610 quse
1183 1552 1445 1595 multitudini

89 1626 371 1668 obsidentium
412 1625 602 1682 periculo
638 1623 767 1671 foret,
806 1622 1134 1680 deploraverunt
1171 1637 1444 1665 communem

88 1698 202 1740 illam
233 1710 488 1743 aerumnam,
518 1695 632 1752 quod
666 1694 724 1735 illi
763 1693 1024 1735 contribules
1043 1725 1054 1742 ,
1084 1693 1149 1734 isti
1180 1701 1380 1750 cognatos
1403 1701 1446 1734 et

89 1769 226 1811 socios
244 1767 500 1814 amisissent3
523 1766 595 1807 sed
619 1774 759 1806 tamen
786 1779 868 1805 non
891 1763 1058 1821 penitus
1082 1764 1362 1820 interceptam
1383 1777 1447 1804 re-

87 1839 284 1895 parandae
317 1837 449 1879 tribus
481 1835 792 1877 successionem
820 1849 828 1875 :
855 1834 1077 1875 consulere
1104 1849 1146 1875 se
1185 1833 1225 1874 in
1256 1833 1446 1875 medium

88 1908 302 1965 quomodo
330 1916 373 1949 et
393 1905 643 1948 sacramenti
676 1904 780 1946 fides
803 1903 880 1945 sibi
913 1911 1101 1951 constet,
1130 1911 1172 1944 et
1199 1902 1331 1945 tribus
1362 1917 1445 1944 una

88 1992 354 2034 nequaquam
377 1992 398 2018 a
423 1991 601 2033 corpore
619 1975 760 2016 avulsa
784 1973 1023 2016 intercidat.

146 2047 240 2089 XV.
278 2046 410 2088 Altari
435 2046 575 2101 itaque
593 2044 749 2101 posito,
764 2042 1119 2085 reconciliationis
1138 2049 1180 2083 et
1201 2041 1315 2099 pacis
1333 2042 1445 2083 obla-

91 2127 179 2160 tum
203 2116 456 2159 sacrificium
469 2115 499 2158 ².
515 2116 567 2157 Et
585 2115 680 2172 quia
697 2114 813 2156 Jabis
830 2114 988 2156 Galaad
1005 2114 1184 2171 populus
1207 2120 1295 2154 erat
1311 2127 1446 2169 poenae

89 2197 131 2231 et
157 2188 381 2230 maledicto
400 2186 605 2228 obnoxius
629 2185 939 2241 (obstrinxerat
957 2184 1067 2226 enim
1092 2199 1134 2224 se
1160 2182 1296 2224 omnis
1318 2183 1446 2225 Israe'l

88 2274 238 2315 magno
262 2266 526 2300 sacramento
542 2289 552 2304 ,
577 2264 622 2297 ut
645 2256 678 2297 si
700 2255 791 2311 quis
814 2270 900 2297 non
924 2254 1179 2296 ascendisset
1201 2267 1302 2295 cum
1321 2266 1371 2294 eo
1391 2253 1444 2294 ad

88 2330 350 2387 puniendum
378 2327 580 2384 flagitium
596 2359 605 2374 ‚
627 2335 763 2368 morte
785 2327 1043 2383 moreretur)
1065 2324 1289 2367 duodecim
1313 2322 1444 2365 millia

88 2401 342 2442 bellatorum
376 2399 562 2444 directa;
600 2406 646 2438 ut
681 2405 721 2438 et
750 2396 824 2437 viri
862 2412 1007 2438 omnes
1039 2404 1080 2438 et
1107 2394 1304 2437 mulieres
1333 2394 1444 2436 serro

90 2470 456 2526 extinguerentur,
473 2469 578 2509 solas
601 2467 730 2508 virilis
754 2466 865 2507 thori
883 2475 1047 2508 exortes
1064 2471 1327 2508 reservarent
1350 2465 1446 2504 ado-

90 2541 354 2584 lescentulas.
383 2538 618 2581 Interfectis
642 2538 782 2593 itaque
799 2538 996 2580 omnibus
1014 2537 1125 2579 Jabis
1145 2535 1325 2584 Galaad,
1348 2535 1445 2576 sola:

139 2633 272 2665 =Judic.
294 2643 358 2670 xv,
379 2643 407 2669 2,
425 2633 454 2664 5.
475 2649 514 2655 -—
536 2641 548 2654 ¹
572 2630 655 2662 lbid.
675 2629 707 2668 4,
726 2635 756 2662 et
773 2640 860 2673 seqq.
