1774 3158
270 251 355 293 316
817 268 849 295 s.
889 269 1079 296 ammosu

271 353 534 401 terrogantes
555 346 670 402 quod
690 360 742 389 eo
766 346 944 391 intentio
974 357 1189 406 vergeret,
1221 358 1266 391 ut
1284 350 1511 395 Palaestinis
1554 363 1625 396 aut

270 416 521 472 negantibus
553 416 743 458 infestior
765 417 896 467 soret,
923 428 992 460 aut
1030 420 1420 475 acquiescentibus,
1449 423 1625 465 affectus

271 485 498 527 inl'erendae
521 486 562 527 iu
586 487 776 529 subditos
801 488 963 544 injuriae
991 489 1255 538 demeretur3
1300 506 1397 533 cum
1439 507 1489 534 ex
1529 507 1628 535 con-

274 555 493 611 junctione
524 557 738 612 aequalitas
767 573 862 614 par,
891 567 932 599 et
961 559 1092 614 gratia
1116 560 1317 601 consortii
1338 561 1432 617 jure
1460 576 1627 604 accres-

273 634 413 674 ceret,
439 634 510 667 aut
532 627 563 667 si
586 627 688 683 quid
720 627 927 669 oss'eusum
952 637 1060 670 esset
1076 661 1087 678 ,
1112 630 1276 686 longius
1301 631 1469 673 ultionis
1490 632 1626 674 studia

271 696 582 753 procederent,
613 698 729 753 quasi
752 698 1026 755 alienigenam
1045 700 1340 741 declinandam
1364 701 1628 743 arbitraban-

273 774 355 808 tur.
376 766 457 808 Sed
476 767 546 807 ubi
561 767 734 810 ssectere
751 769 938 810 animum
957 770 1142 826 pignoris
1157 769 1441 827 legitimorum
1456 771 1630 828 objectu

271 835 424 877 frustra
447 837 633 893 experti,
654 837 694 879 in
719 839 940 880 arbitrium
964 839 1054 894 ejus
1076 841 1261 882 volentes
1285 856 1547 884 concessere.

331 905 446 947 XIV.
484 907 667 963 Recepta
695 908 832 963 itaque
856 909 1082 964 petitione,
1108 910 1284 951 Samson
1309 925 1406 952 cum
1427 911 1505 952 sibi
1541 926 1631 968 pro·

271 977 441 1018 missam
468 978 687 1026 reviseret,
711 980 902 1027 divertit,
920 988 960 1021 et
983 980 1194 1037 paulisper
1213 983 1263 1023 de
1275 997 1422 1038 aggere
1435 981 1627 1032 dessexit;

275 1048 567 1103 continuoque
589 1048 776 1090 occurrit
790 1049 826 1090 ei
845 1050 911 1091 leo
929 1050 1041 1091 ferus
1056 1052 1107 1092 de
1120 1053 1250 1107 sylva,
1271 1053 1421 1109 agresti
1438 1053 1632 1094 libertate

274 1117 433 1159 saevior.
463 1118 617 1160 Comes
646 1120 811 1168 nullus,
842 1121 971 1162 telum
994 1121 1035 1162 in
1074 1122 1268 1163 manibus
1304 1123 1633 1179 haudquaquam

278 1188 575 1245 suppeditabat
599 1204 608 1230 :
638 1192 789 1232 cedere
807 1192 944 1247 pudor
962 1223 972 1238 ,
1019 1199 1061 1232 et
1079 1192 1248 1233 conscia
1280 1192 1410 1234 virtus
1433 1192 1633 1235 fiduciam

277 1258 389 1301 dare.
412 1259 620 1302 Ruentem
646 1262 687 1303 in
710 1276 753 1303 se
771 1261 955 1303 brachiis
972 1263 1188 1318 amplexus
1208 1270 1359 1309 necat,
1394 1271 1435 1305 et
1456 1263 1635 1304 lacerto·

277 1345 372 1371 rum
392 1333 503 1372 nodo
528 1332 811 1374 exanimatum
829 1365 838 1381 ,
863 1341 1015 1389 praeter
1039 1348 1232 1390 aggerem
1270 1349 1392 1390 supra
1419 1333 1635 1389 sylvestria

278 1401 466 1457 germina
505 1402 686 1458 projecit
723 1418 769 1444 ac
809 1403 1046 1458 dereliquit.
1074 1404 1210 1444 Locus
1233 1412 1323 1445 erat
1346 1405 1463 1445 laetus
1493 1403 1635 1460 pabuli

280 1471 462 1512 herboso
485 1472 696 1528 gramine,
722 1473 869 1514 vinetis
889 1473 1089 1514 consitus.
1122 1473 1267 1528 Itaque
1285 1474 1396 1529 apud
1414 1472 1634 1514 dilectissi-

281 1557 393 1583 mam
409 1543 486 1584 sibi
509 1558 706 1600 sponsam
725 1543 892 1585 exuvias
908 1543 1004 1584 fcrae
1022 1544 1200 1585 credidit
1218 1544 1307 1585 sine
1331 1552 1549 1586 momento
1573 1543 1637 1585 su-

280 1621 420 1661 turas;
446 1629 544 1655 cum
564 1614 706 1655 talium
724 1629 863 1655 rerum
894 1623 1081 1671 tempora
1101 1630 1183 1655 non
1198 1615 1456 1656 terribilibus
1474 1615 1634 1673 spoliis,

281 1684 353 1724 scd
381 1683 552 1724 mitibus
571 1683 732 1739 gaudiis
749 1716 757 1731 ‚
782 1692 822 1725 et
847 1683 948 1725 festa
981 1683 1128 1725 fronde
1148 1683 1249 1726 fiant
1273 1685 1526 1728 venustiora.
1554 1686 1637 1727 De-

280 1753 407 1809 nique
431 1763 525 1810 post
559 1756 707 1796 eadem
740 1755 980 1811 regrediens
1008 1755 1095 1802 via,
1122 1754 1258 1796 savum
1280 1756 1320 1796 in
1348 1764 1467 1797 utero
1504 1755 1639 1797 leonis

283 1824 482 1873 ostendit,
506 1834 630 1882 atque
664 1826 861 1874 abstulit,
885 1828 1044 1868 donum
1070 1827 1315 1883 parentibus
1338 1842 1386 1868 ac
1409 1828 1556 1884 puellae
1579 1827 1640 1868 su-

280 1903 450 1943 turum;
472 1896 565 1938 talia
590 1897 703 1938 enim
722 1912 918 1953 sponsam
942 1912 1115 1938 munera
1140 1899 1316 1945 decent3
1339 1913 1386 1939 ac
1419 1898 1638 1955 degustato

283 1968 423 2015 melle,
449 1967 586 2009 savum
611 1968 820 2025 praedictis
838 1970 1049 2010 edendum
1077 1969 1207 2016 dedit,
1232 1984 1400 2011 causam
1423 1969 1633 2026 repressit.

345 2040 438 2082 ΧΥ.
469 2040 552 2081 Sed
575 2039 682 2081 sorte
708 2041 888 2095 quadam
916 2040 982 2080 die
1003 2038 1199 2095 nuptialis
1222 2038 1314 2080 sesti
1344 2040 1640 2081 celebrabatur

286 2109 526 2151 convivium
546 2143 555 2158 ‚
589 2111 681 2151 lfeta
705 2110 746 2150 iu
781 2109 913 2166 epulis
942 2109 1139 2165 juventus
1172 2109 1327 2150 mutuis
1352 2125 1396 2150 se
1418 2110 1469 2151 ad
1490 2110 1639 2151 ludum

284 2180 486 2222 invitabat
502 2179 813 2227 sermonibus¹3
841 2194 937 2221 cum
959 2180 1059 2220 alius
1079 2180 1205 2220 alium
1223 2180 1394 2221 salsiore
1418 2179 1641 2222 dicacitate

287 2249 632 2308 perstringeret²‚
657 2250 765 2292 sicut
791 2266 833 2291 se
857 2250 1099 2306 hujusmodi
1128 2266 1224 2292 usus
1249 2250 1397 2299 habet,
1425 2259 1641 2292 certamen

287 2322 440 2364 laetitiae
455 2323 779 2364 accendebatur.
802 2322 863 2363 Ibi
886 2330 973 2363 tum
994 2322 1268 2378 quaestionem
1289 2321 1531 2377 hujusmodi
1550 2337 1643 2378 pro-

288 2393 427 2449 posuit
448 2392 623 2434 Samson
641 2391 865 2448 juvenibus
888 2392 1231 2448 coepulantibus:
1247 2410 1262 2429 «
1283 2392 1344 2434 De
1361 2393 1643 2434 manducante

335 2508 343 2528 ¹
362 2505 471 2537 Judic.
499 2517 566 2544 xlv,
594 2516 621 2541 ι,
639 2511 670 2538 et
685 2517 774 2550 seqq.
793 2524 833 2529 —
850 2514 862 2529 ³
893 2506 978 2538 Hinc
1002 2506 1223 2539 animadverte
1239 2517 1334 2550 quam
1353 2512 1440 2539 vetus
1454 2506 1550 2539 suerit
1568 2507 1646 2539 mis-

290 2560 399 2591 cendae
415 2560 590 2602 genialibus
611 2560 713 2603 epulis
731 2560 901 2593 verborum
918 2561 1052 2593 lascivire
1077 2561 1286 2600 consuetudo,
1300 2568 1329 2594 ct
1344 2561 1431 2594 unde
1449 2561 1646 2594 thalassionis

289 2614 611 2659 fescenninoruinque
626 2616 805 2649 carminum
822 2616 948 2649 licentia
966 2622 1073 2649 ortum
1087 2616 1160 2648 dum
1171 2614 1222 2649 rit.
