1774 3158
275 228 358 272 270
815 224 845 251 s.
887 222 1075 251 Amanosri

271 320 508 364 possumuS‚
524 303 629 346 votis
656 311 795 344 tamen
815 302 990 344 Concilii
1010 315 1282 357 compensare
1307 299 1590 343 desideramus
1610 316 1620 342 e

274 377 347 433 qui
369 376 467 417 licet
492 389 566 433 per
591 374 772 430 singulas
795 387 980 429 quasque
1004 371 1211 413 Ecclesias
1231 370 1494 426 quotidianas
1511 372 1623 427 apud

273 447 410 489 Deum
431 454 622 488 nostrum
648 460 724 501 pro
752 444 926 501 imperio
952 451 1089 484 vestro
1107 442 1370 483 celebremus
1393 441 1590 483 excubias
1612 459 1622 489 ;

274 526 414 559 tamen
433 516 633 559 conducti
659 516 699 556 in
722 529 852 556 unum
875 529 959 570 quo
983 528 1158 554 munere
1181 512 1284 553 nihil
1300 527 1387 553 esse
1405 511 1624 568 pulchrius

277 586 516 644 opinamur,
540 587 629 629 Deo
652 594 794 627 nostro
813 584 1092 641 omnipotenti
1109 591 1150 624 ct
1173 597 1248 640 pro
1271 583 1469 639 imperio,
1489 591 1530 624 et
1548 597 1625 638 pro

277 673 381 716 pace
400 673 447 700 ac
471 659 604 699 salute
630 664 763 698 vestra
791 655 941 712 gratias
973 654 1132 711 agimus
1148 685 1158 702 ,
1183 654 1293 710 quod
1318 668 1391 711 per
1410 667 1484 694 vos
1507 652 1629 694 nobis

277 729 357 793 ¹pax
378 735 420 770 et
443 726 669 770 concordia
693 725 749 767 ita
769 725 822 769 sit
844 725 993 771 refusa.

338 797 410 840 ΙΙΙ.
447 796 651 855 Equidem
668 811 741 853 per
755 795 1050 838 Occidentales
1068 803 1205 853 partes
1223 795 1387 837 duobus
1406 794 1449 836 in
1471 793 1631 852 angulis

280 876 469 917 tantum,
501 868 582 910 hoc
604 875 688 915 est,
721 867 760 907 in
783 867 913 907 latere
949 865 1088 908 Daciae
1117 866 1335 922 Ripensis,
1370 879 1418 907 ac
1451 864 1629 913 Moesiae‚

279 939 379 982 fidei
403 938 589 995 obstrepi
611 937 834 980 videbatur
860 951 868 977 :
896 936 1047 992 quibus
1071 938 1240 982 tandem
1267 950 1380 977 nunc
1401 943 1498 992 post
1519 934 1633 976 Con-

281 1010 364 1052 cilii
389 1000 662 1056 sententiam‘,
690 1015 837 1048 vestrae
858 1007 999 1048 favore
1023 1007 1256 1048 clementiae
1279 1005 1504 1063 opinamur
1520 1005 1634 1046 illico

280 1080 604 1122 consulendum.
641 1078 719 1119 Per
745 1091 890 1118 omnes
915 1084 1053 1118 autem
1078 1085 1238 1118 tractus
1262 1086 1384 1132 atque
1408 1076 1598 1132 regiones
1622 1107 1632 1122 ,

280 1158 323 1193 et
349 1150 538 1192 vicorum
563 1149 745 1189 claustra
770 1162 902 1203 usqne
927 1148 977 1188 ad
1001 1146 1218 1188 Oceanum
1240 1154 1381 1187 manet
1405 1160 1483 1186 una
1505 1152 1544 1186 et
1570 1145 1635 1185 in-

282 1229 484 1264 temerata
504 1218 693 1261 fidelium
715 1218 975 1260 communio.
1003 1217 1049 1258 In
1075 1217 1361 1259 Orientalibus
1387 1225 1526 1258 autem
1544 1230 1636 1272 par-

280 1291 393 1333 tibus
415 1289 692 1347 cognovimus
715 1288 886 1344 quidem
924 1303 1089 1329 summo
1117 1287 1269 1344 gaudio
1308 1295 1432 1343 atque
1464 1285 1632 1333 laetitia,

283 1362 429 1418 ejectis
454 1360 641 1404 Arrianis
666 1359 735 1415 qui
759 1358 966 1400 Ecclesias
990 1359 1193 1400 violenter
1223 1357 1488 1406 invaserant,
1520 1371 1636 1399 saera

283 1432 358 1476 Dei
382 1432 534 1487 templa
557 1445 631 1487 per
656 1430 765 1470 solos
789 1429 1030 1470 Catholicos
1054 1428 1323 1484 frequentari.

342 1502 413 1545 IV.
452 1501 533 1543 Sed
550 1510 688 1542 tamen
708 1499 906 1555 quoniam
923 1499 1075 1540 invidia
1094 1498 1248 1540 diaboli
1268 1512 1483 1553 nunquam
1502 1495 1639 1552 quies·

284 1589 379 1616 cere-
401 1574 520 1620 solet,
543 1573 651 1613 inter
671 1571 780 1628 ipsos
801 1570 1042 1611 Catliolicos
1067 1569 1261 1610 audimus
1283 1568 1452 1609 crebras
1476 1567 1639 1608 dissen-

285 1644 420 1686 siones
444 1657 533 1684 esse
550 1674 559 1690 ,
590 1642 927 1698 impacatamque
950 1640 1230 1687 discordi31n3
1263 1647 1436 1694 totoque
1459 1636 1639 1679 eonl'un-

285 1715 426 1757 dimur
464 1712 616 1755 affectu
637 1745 645 1759 ‚
691 1711 806 1767 quod
842 1711 1035 1751 innovata
1078 1712 1278 1766 pleraque
1319 1708 1605 1766 comperimus
1625 1739 1637 1756 ,

287 1801 443 1841 eosque
465 1785 626 1840 gravari
649 1795 787 1827 nunc,
812 1796 918 1836 quos
946 1781 1133 1837 oportuit
1156 1780 1367 1837 adjuvari,
1395 1779 1466 1836 qui
1489 1778 1530 1820 in
1549 1772 1640 1819 nos·

286 1867 348 1898 tra
377 1870 543 1912 semper
560 1852 860 1896 communione
885 1852 1107 1894 durabant.
1140 1852 1331 1908 Denique
1348 1850 1640 1893 Alexandrinae

285 1926 484 1969 Ecclesiae
504 1923 750 1967 Timotheus
774 1922 1019 1979 episcopus,
1047 1923 1119 1963 sed
1141 1931 1184 1963 et
1215 1920 1487 1964 Antiochenae
1504 1919 1641 1962 Pauli·

285 2014 363 2041 nus
385 2000 415 2047 ,⁴
435 1997 505 2054 qui
543 2010 709 2051 semper
750 1993 1061 2035 communionis
1089 1992 1311 2034 nobiscum
1345 1992 1640 2033 intemeratam

286 2069 474 2113 habuere
494 2065 766 2109 concordiam
782 2098 791 2113 ,
816 2063 1144 2105 dissensionibus
1169 2063 1343 2104 aliorum
1360 2096 1370 2111 ,
1390 2077 1572 2118 quorum
1590 2060 1641 2102 ss·

288 2139 359 2181 des
382 2136 669 2195 superioribus
703 2134 964 2191 temporibus
997 2133 1239 2182 haesitabat,
1266 2133 1461 2174 seruntur
1483 2132 1634 2189 urgeri.

287 2210 405 2261 Quos
434 2208 627 2265 quidem,
654 2205 685 2247 si
709 2204 799 2246 fieri
823 2212 984 2260 potest,
1009 2212 1050 2246 et
1074 2203 1176 2246 fides
1200 2205 1319 2261 plena
1343 2204 1639 2250 commendat,

289 2280 342 2322 ad
365 2277 574 2320 consortia
598 2283 738 2317 nostra
765 2282 959 2330 optamus
984 2274 1156 2331 adjungi
1178 2289 1186 2315 :
1209 2274 1281 2315 sed
1304 2274 1357 2315 ita
1387 2281 1434 2315 ut
1468 2280 1642 2314 vetustae

289 2347 600 2392 communionis
621 2345 743 2388 sociis
759 2359 829 2386 sua
848 2344 1119 2401 praerogativa
1136 2351 1342 2391 servetur,
1367 2358 1547 2400 quorum
1570 2357 1642 2385 no-

289 2420 352 2462 bis
372 2434 456 2461 non
481 2416 691 2473 superflua
726 2429 826 2456 cura
848 2423 910 2455 est
936 2429 945 2455 ε
972 2414 1109 2471 primo
1133 2414 1349 2461 omnium,
1389 2413 1483 2469 quia
1523 2427 1641 2454 com·

289 2489 501 2533 munionis
519 2487 695 2530 societas
713 2486 869 2526 nullam
889 2485 1014 2526 debet
1037 2484 1192 2526 habere
1215 2483 1418 2525 offensam
1439 2498 1449 2525 z
1471 2484 1638 2531 deinde,

288 2562 385 2620 quia
406 2560 627 2615 utriusque
657 2557 786 2614 partis
818 2557 978 2599 dudum
1010 2556 1250 2612 accepimus
1274 2556 1458 2603 litteras,
1489 2554 1639 2611 praeci-
