1774 3158
301 301 352 328 22
845 300 876 327 S.
915 300 1104 328 Alttssnosu

300 378 550 420 solutionem
582 378 721 434 gratiae
745 378 786 419 iu
817 377 969 420 affectu
993 394 1040 420 ac
1072 378 1155 420 fide
1183 394 1292 429 esse3
1323 393 1447 436 quam
1473 379 1643 436 quidem

299 449 435 490 statim
453 449 524 490 ubi
543 449 724 505 primum
742 449 859 505 copia
879 449 1050 490 liberior
1068 449 1240 491 Eclesiae
1257 449 1349 496 suit,
1368 449 1541 506 implere
1558 464 1643 491 non

298 518 467 559 distulit.
496 519 656 575 Deique
680 520 853 575 gratiam
874 527 914 560 et
938 519 1100 576 accepit
1119 519 1394 561 desideratam
1411 552 1421 568 ,
1448 528 1490 562 et
1512 535 1645 561 serva-

295 587 353 629 vit
384 596 612 645 acceptam.
645 589 756 630 Nihil
791 589 915 645 igitur
943 605 989 630 ca
1014 589 1236 646 prudentia
1270 589 1521 647 sapientius,
1553 605 1644 647 quae

296 658 433 700 divina
465 666 506 699 et
527 658 710 699 humana
735 657 928 700 secernit.

353 728 502 769 XLIX.
540 728 642 770 Nam
684 728 785 783 quid
826 737 1057 784 spectatam
1090 728 1130 769 iu
1162 728 1379 785 stipendiis
1411 728 1644 770 forensibus

293 799 382 854 ejus
409 797 644 839 facundiam
669 797 845 854 loquar?
877 798 1014 849 Quam
1043 797 1277 839 incredibili
1302 798 1576 840 admiratione
1602 799 1643 840 iu

294 867 502 910 auditorio
521 868 778 925 praesecturae
802 868 993 909 sublimis
1016 868 1216 910 cmicuiti‘
1237 867 1319 910 Sed
1340 869 1448 910 malo
1471 867 1537 910 illa
1559 869 1645 910 lau-
1673 895 1677 898 -

293 939 391 979 dare
408 973 416 987 ,
439 954 530 994 quae
552 938 762 995 perceptis
785 937 995 994 mysteriis
1016 938 1091 980 Dei
1115 939 1234 981 duxit
1255 938 1450 980 humanis
1468 953 1555 980 esse
1574 953 1644 995 po-

292 1011 409 1051 tiora.

349 1080 394 1122 L.
431 1081 740 1123 Fortitudinem
776 1095 943 1137 quoque
977 1081 1066 1136 ejus
1096 1079 1126 1122 si
1159 1081 1249 1137 quis
1274 1080 1434 1139 plenius
1456 1088 1644 1138 spectare

290 1154 424 1200 volet,
453 1152 689 1194 consideret
707 1153 870 1208 quoties
889 1156 983 1209 post
1003 1148 1265 1209 naufragium
1288 1152 1443 1205 invicto
1461 1153 1643 1208 quodam

291 1230 539 1278 contemptu
562 1222 655 1263 vitae
678 1222 829 1278 hujus,
851 1223 979 1263 maria
1011 1222 1338 1264 transfretaverit
1359 1238 1368 1263 :
1392 1222 1644 1278 diffusasque

288 1293 478 1350 regiones
507 1292 707 1333 obeundo
740 1293 975 1350 peragrarit
1009 1308 1017 1333 :
1048 1302 1264 1349 postremo
1299 1294 1412 1348 quod
1443 1291 1523 1334 hoc
1555 1291 1643 1348 ipso

286 1372 476 1419 tempore
504 1362 738 1419 periculum
762 1379 846 1404 non
880 1362 1106 1419 refugerit,
1133 1364 1204 1404 sed
1233 1364 1285 1404 ad
1307 1362 1542 1419 perieulum
1569 1377 1641 1402 ve-

286 1434 421 1480 nerit,
454 1433 614 1489 patiens
643 1432 825 1487 injurire,
866 1434 1079 1490 negligens
1112 1432 1299 1490 frigoris,
1329 1441 1451 1488 atque
1481 1432 1638 1474 utinam

286 1502 487 1544 sollicitus
507 1503 746 1545 cautionis?
765 1504 847 1546 Sed
866 1505 946 1546 hoc
966 1505 1054 1561 ipso
1084 1504 1245 1552 beatus,
1268 1504 1382 1560 quod
1401 1504 1500 1544 dum
1523 1503 1641 1544 licuit

284 1573 424 1630 vigore
448 1572 507 1614 uti
538 1573 724 1630 corporis
742 1608 750 1621 ,
785 1572 989 1615 inoffenso
1017 1575 1069 1615 ad
1092 1574 1335 1629 exequenda
1366 1587 1458 1629 quae
1488 1573 1635 1617 veltet,

285 1642 452 1684 functus
474 1642 705 1699 juventutis
737 1643 900 1691 officio,
923 1642 1049 1684 vitam
1070 1642 1200 1691 vixit,
1228 1641 1489 1684 debilitatem
1519 1641 1640 1698 igno-
1670 1680 1672 1682 .

284 1713 401 1755 ravit.

340 1785 404 1826 Lt.
446 1784 537 1836 Qua
574 1799 672 1826 vero
701 1783 996 1842 prosecutione
1029 1782 1339 1840 simplicitatem
1369 1781 1460 1838 ejus
1481 1782 1638 1824 edisse-

280 1855 396 1898 ram?
419 1855 474 1896 Ea
503 1864 566 1896 est
587 1855 698 1897 enim
727 1858 919 1911 quaedam
947 1869 1116 1896 morum
1144 1853 1445 1911 temperantia,
1467 1852 1637 1894 mentis-

280 1941 362 1982 que
385 1925 603 1966 sobrietas.
637 1925 759 1973 Date,
796 1941 953 1982 quaeso,
979 1925 1140 1966 veniam
1158 1957 1167 1972 ,
1191 1932 1231 1964 et
1252 1921 1483 1980 permittite
1503 1922 1635 1963 dolori

279 2009 394 2042 meo3
421 2003 465 2035 ut
490 1996 540 2035 de
563 2010 611 2035 eo
637 1995 740 2036 mihi
762 1997 887 2051 paulo
923 1994 1091 2036 uberius
1115 1993 1241 2036 liceat
1263 1993 1405 2049 loqui,
1432 2007 1529 2034 cum
1553 2007 1635 2048 quo

280 2066 364 2122 jam
390 2080 473 2107 non
503 2065 748 2107 conceditur
777 2065 973 2122 colloqui.
1010 2065 1134 2107 Certe
1157 2074 1199 2107 et
1225 2065 1342 2106 vobis
1365 2062 1562 2120 proficit,
1589 2071 1636 2105 ut

282 2135 506 2177 advertatis
533 2150 617 2176 non
644 2135 867 2192 fragilitate
899 2134 1078 2191 quadam
1109 2149 1178 2176 vos
1205 2135 1290 2176 hoe
1319 2132 1531 2182 officium,
1561 2133 1634 2174 sod

276 2205 437 2262 judicio
462 2205 658 2246 detulisse
688 2221 696 2246 :
723 2221 801 2247 nec
824 2205 1113 2247 misericordia
1136 2205 1284 2246 mortis
1307 2204 1530 2261 impulsos,
1561 2205 1633 2244 sed

275 2275 480 2316 virtutum
496 2274 822 2317 honorificentia
841 2283 1104 2331 provocatos;
1128 2274 1263 2316 anima
1277 2273 1388 2314 euim
1409 2272 1632 2314 benedicta

277 2345 411 2386 omnis
429 2346 617 2402 simplex.
644 2346 775 2387 Tanta
804 2354 942 2387 autem
967 2345 1211 2402 simplicitas
1234 2354 1350 2393 erat,
1387 2352 1433 2385 ut
1453 2357 1630 2385 conver-

275 2430 342 2456 sus
366 2415 406 2454 in
424 2430 618 2470 puerum,
646 2415 915 2472 simplicitate
940 2415 1052 2456 illius
1070 2414 1203 2456 aetatis
1218 2414 1413 2462 innoxiae,
1434 2412 1630 2470 perfecta]

274 2485 436 2527 virtutis
462 2484 621 2542 effigie,
650 2495 691 2527 et
716 2488 902 2542 quodam
938 2485 1230 2527 innocentium
1259 2499 1425 2526 morum
1459 2484 1629 2540 speculo

274 2557 471 2597 elnam-et.
508 2555 681 2598 Intravit
719 2557 843 2613 igitur
872 2556 913 2597 in
947 2572 1125 2613 reguum
1157 2557 1391 2603 coelorum3
1427 2554 1627 2611 quoniam

274 2625 452 2667 credidit
491 2625 566 2667 Dei
606 2627 762 2675 verbo,
800 2627 997 2683 quoniam
1032 2627 1141 2669 sicut
1167 2641 1273 2684 puer
1311 2633 1442 2667 artem
1475 2625 1628 2681 repulit
