1774 3158
282 245 367 293 ,230
672 256 675 258 ’
827 260 860 288 s.
899 254 1092 289 annuos'u

276 337 609 395 Aquileiensium
641 336 820 380 civitatis
842 338 1090 386 Valeriano,
1130 339 1354 381 Ambrosio
1372 372 1382 390 ‚
1426 341 1629 392 Eusebio,

277 407 467 450 Limenio
482 439 494 455 ,
519 406 721 457 Anemio,
741 408 899 450 Sabino
914 442 924 457 ,
950 409 1247 456 Abundantio,
1276 409 1465 451 Artemio
1482 443 1491 458 ,
1515 408 1630 451 Conss

276 477 429 519 stantio
446 510 455 525 ,
483 476 629 526 Justo,
653 478 882 527 philastro,
914 478 1160 520 Constantio
1176 512 1186 527 ,
1212 479 1437 521 Theodoro
1454 511 1464 527 ,
1486 479 1630 521 Alma-

277 547 398 597 chio,
436 548 646 598 Domino,
670 550 883 592 ,Amantio
902 582 912 598 ,
945 549 1153 597 Maximo,
1195 550 1359 598 Felice,
1401 549 1628 598 Bassiano,

279 618 500 669 Numidio,
524 614 726 662 januario
741 653 752 668 ,
777 620 980 668 Proculo,
1007 619 1230 661 Heliodoro
1248 654 1255 666 ,
1275 620 1444 667 Jovino,
1464 620 1626 668 Felice,

221 680 223 682 ¹
277 688 579 747 Exuperantio,
594 691 799 748 Diogene,
815 691 1010 739 Maximo,
1024 690 1288 739 Macedonio,
1302 688 1513 738 Cassiano,
1530 690 1630 732 Mar-

278 762 401 810 cello,
418 769 459 803 et
491 761 718 804 Eustachio
742 761 975 819 episcopis,
996 761 1242 802 Ambrosius
1264 761 1485 818 episcopus
1500 760 1626 801 dixit:

282 844 289 868 1
335 833 386 873 II.
423 832 505 874 Diu
527 833 631 874 eitra
654 841 745 875 acta
771 831 1064 874 tractavimus:
1090 840 1131 872 et
1154 830 1350 887 quoniam
1378 839 1487 871 tanta
1507 830 1631 871 sacri-

275 903 380 961 legia
405 918 424 944 a
453 911 572 960 parte
597 903 768 946 Palladii
792 912 833 945 et
862 902 1115 944 Secundiani
1142 901 1293 943 nostris
1325 901 1492 941 auribus
1521 900 1632 956 inge⁴¹

274 980 448 1020 rantur,
472 980 519 1014 ut
551 965 721 1014 difficile
750 973 926 1028 quisque
956 973 1098 1012 credat
1137 979 1218 1012 tam
1252 979 1396 1027 aperte
1423 982 1493 1011 eos
1518 970 1630 1011 hlas-

276 1042 478 1099 phemare
509 1042 719 1099 potuisse3
755 1043 820 1084 vel
851 1057 902 1083 ne
925 1056 1005 1097 qua
1037 1041 1113 1098 ipsi
1145 1041 1373 1083 calliditate
1410 1040 1519 1082 dicta
1558 1053 1630 1082 sua

276 1120 422 1169 postea
439 1126 592 1168 negare
606 1120 830 1160 conentur,
846 1112 943 1153 licet
963 1112 1011 1151 de
1027 1118 1237 1152 tantorum
1263 1113 1528 1152 sacerdotum
1549 1121 1632 1153 tes-

277 1181 511 1224 tificatione
540 1181 724 1224 dubitari
748 1196 833 1223 non
857 1191 983 1238 queat
1008 1196 1017 1222 :
1044 1189 1183 1222 tamen
1208 1180 1405 1236 quoniam
1437 1181 1633 1221 omnibus

273 1253 480 1311 episcopis
515 1254 680 1311 placet,
712 1252 815 1295 fiant
859 1262 975 1300 acta,
1018 1261 1061 1294 ut
1092 1252 1380 1308 unusquisque
1419 1251 1634 1308 professio-

278 1338 375 1365 nem
399 1339 516 1365 suam
533 1338 687 1381 negare
709 1339 792 1365 non
817 1323 959 1381 possit.
983 1323 1097 1375 Quid
1117 1336 1216 1380 ergo
1238 1322 1376 1371 vobis,
1392 1321 1522 1363 sancti
1541 1321 1631 1370 viri,

274 1397 439 1455 placeat
458 1397 764 1443 declarandum
789 1403 865 1438 est.

334 1468 494 1509 Omnes
517 1467 703 1524 episcopi
723 1467 919 1508 dixerunt
947 1481 956 1507 t
981 1467 1135 1508 Placet.

334 1537 583 1581 Ambrosius
607 1539 828 1596 episcopus
851 1539 955 1580 dixit
980 1555 987 1578 ε
1022 1538 1357 1596 Disceptationes
1383 1547 1533 1579 nostrae
1560 1537 1634 1578 sir-

278 1611 444 1653 mandae
476 1619 573 1653 sunt
596 1626 647 1653 ex
668 1610 875 1668 rescripto
899 1610 1124 1667 imperiali,
1153 1619 1196 1651 ut
1221 1611 1462 1666 allegentur.

426 1749 702 1804 Rescriptum
719 1747 949 1803 imperiale
967 1749 1176 1790 renitatur
1199 1748 1248 1788 in
1272 1747 1484 1789 Concilio.

339 1887 412 1931 Ill.
427 1885 680 1929 Sabinianus
694 1885 895 1928 diaconus
910 1885 1101 1927 recitavit
1119 1900 1127 1926 :
1147 1884 1377 1940 «Ambigua
1393 1885 1634 1940 dogmatum

276 1958 511 2001 reverentia
536 1972 588 1999 ne
611 1957 840 2000 dissideant
856 1957 1096 1998 sacerdotes
1123 1956 1435 2013 quamprimum
1460 1954 1636 2011 experiri

277 2029 512 2086 cupienteS,
533 2028 759 2071 convenire
774 2028 814 2068 iu
827 2026 1159 2083 Aquileiensium
1178 2027 1386 2067 civitatem
1407 2040 1455 2066 ex
1470 2024 1636 2066 (lioecesi

277 2100 438 2142 meritis
462 2097 719 2140 excellentiae
746 2106 826 2139 tuce
861 2097 1089 2145 creditam,
1116 2097 1334 2153 episcopos
1367 2095 1635 2151 jusseramus.

278 2171 426 2227 Neque
461 2169 575 2211 enim
609 2168 904 2210 controversiae
934 2167 1072 2209 dubim
1104 2166 1319 2208 sententia]
1343 2166 1497 2207 rectius
1520 2174 1637 2222 pote-

277 2247 372 2282 rant
402 2238 619 2296 expediri‚
650 2252 777 2294 quam
808 2237 839 2278 si
877 2236 1036 2278 obortae
1072 2236 1354 2278 altercationis
1390 2236 1639 2291 interpretes

279 2311 389 2369 ipsos
414 2308 780 2351 constituissemus
805 2307 1010 2348 antistites
1027 2323 1038 2355 3
1057 2315 1102 2348 ut
1123 2307 1317 2347 videlicet
1337 2321 1356 2346 a
1373 2305 1525 2361 quibus
1548 2320 1640 2362 pro-

276 2380 527 2423 ficiscuntur
557 2378 747 2420 instituta
783 2377 1012 2425 doctrinae,
1042 2377 1092 2418 ab
1127 2376 1283 2418 eisdem
1318 2375 1520 2417 discordis
1542 2389 1638 2416 eru-

278 2452 445 2495 ditionis
470 2449 746 2508 repugnantia
772 2449 1018 2490 solveretur.

277 2536 280 2539 ·
334 2521 404 2565 IV.
443 2521 588 2578 Neque
616 2535 714 2561 sane
738 2533 851 2560 nunc
878 2519 998 2560 aliter
1021 2518 1217 2576 jubemus
1243 2533 1289 2559 ae
1313 2516 1535 2573 jussimus,
1555 2530 1638 2557 non

276 2593 532 2636 invertentes
562 2591 764 2651 praecepti
794 2599 1009 2639 tenorem,
1038 2591 1110 2632 sed
1140 2589 1396 2648 superfluam
1428 2602 1640 2630 convena-
