1774 3158
510 230 793 261 EPISTOLARUM
825 230 980 260 CLASSIS
1011 232 1038 261 1.
1376 224 1453 266 321

116 323 258 354 »nunc
285 309 479 358 subveni;
508 310 604 367 quia
631 324 730 353 ecce
760 309 919 352 morior
950 310 1039 358 siti,
1074 320 1114 353 et
1141 312 1182 353 in
1211 321 1460 370 potestatem

114 395 290 422 »eorum
306 413 316 428 ‚
344 380 394 421 de
419 379 569 435 quibus
592 388 756 422 tantum
780 380 943 422 donasti
970 380 1229 438 triumphum
1245 416 1255 431 ,
1285 385 1370 426 sitis
1394 401 1464 428 ne·

115 449 335 492 »cessitate
361 448 623 503 adjudicor¹.
652 449 908 500 »Quomodo
932 448 1008 491 Dei
1033 448 1340 505 misericordia,
1365 469 1462 496 cum

115 519 358 576 projecisset
382 518 449 560 ille
471 519 704 566 maxillam,
731 519 893 575 aperuit
918 519 1138 562 scissuram
1163 522 1277 577 ejus,
1304 533 1345 565 et
1372 524 1462 566 sons

116 589 254 646 erupit
275 603 325 630 ex
341 603 387 630 ea
403 621 413 636 ‚
438 596 480 630 et
500 589 607 630 bibit
631 588 803 630 Samson
821 621 832 636 ,
857 597 897 630 et
922 590 1150 646 resumpsit
1182 592 1373 648 spiritum
1389 627 1398 641 ‚
1424 605 1464 636 et

117 659 280 701 vocavit
304 660 445 701 locum
465 659 780 701 Invocationem
801 657 951 706 sontis;
976 673 1025 700 eo
1043 660 1157 715 quod
1179 660 1360 703 victoriae
1383 663 1467 717 jac-

117 729 290 771 tantiam
328 728 601 770 invocationis
633 728 830 786 precibus
863 729 1129 770 emendasset
1163 744 1172 770 ε
1210 730 1265 771 ita
1306 732 1466 774 diversa

117 800 271 856 judicia
289 807 452 840 mature
479 799 589 841 edita
604 830 614 846 ,
635 800 747 854 quod
765 806 806 840 et
830 799 1065 855 arrogantia
1083 800 1166 841 cito
1185 800 1385 843 offensam
1410 803 1470 844 in-

120 878 322 917 curreret,
333 877 374 910 et
390 869 602 910 humilitas
615 869 702 909 sine
717 869 799 910 ulla
812 867 1043 910 offensione
1057 884 1145 910 sese
1160 872 1464 913 reconciliaret.

174 937 309 980 XXV.
346 936 504 980 Verum
537 938 607 978 ubi
635 939 811 979 decursa
843 938 948 979 serie
973 938 1131 979 bellum
1151 939 1469 982 Palaestinorum

119 1007 385 1064 composuit,
420 1016 460 1048 et
491 1022 665 1049 suorum
702 1007 916 1049 declinans
947 1007 1178 1064 ignaviam,
1205 1017 1246 1050 et
1276 1010 1468 1053 hostilem

121 1077 353 1134 despiciens
376 1092 573 1124 manum,
599 1077 751 1119 Gazam
783 1092 872 1119 sese
901 1076 1101 1125 contulit,
1127 1093 1174 1119 ea
1210 1080 1352 1122 civitas
1385 1091 1472 1123 erat

121 1147 162 1187 in
197 1147 300 1188 locis
338 1146 674 1192 Palaestinorum‚
702 1155 744 1188 et
776 1146 995 1188 habitabat
1032 1147 1118 1188 illic
1151 1147 1194 1189 in
1222 1149 1463 1193 diversorio.

121 1216 248 1267 Quod
275 1216 487 1273 cognitum
505 1216 640 1257 Gazaei
671 1216 997 1271 haudquaquam
1023 1216 1352 1260 dissimulatione
1374 1235 1477 1276 prce-

120 1286 369 1334 terierunt²2
398 1286 472 1327 sed
508 1286 750 1328 festinantes
790 1286 1165 1329 circumdederunt
1200 1288 1475 1332 diversmium

121 1354 211 1410 ejus
226 1387 237 1403 ,
261 1363 303 1396 et
324 1353 582 1396 obsederunt
604 1354 820 1397 universos
847 1355 982 1396 aditus
1001 1356 1175 1404 domus;
1201 1372 1251 1398 ne
1275 1358 1415 1415 fugam
1434 1359 1474 1400 in

122 1432 246 1465 nocte
266 1432 552 1480 componeret.
575 1424 721 1480 Itaque
739 1424 915 1467 Samson
935 1426 1103 1482 cognito
1121 1427 1222 1482 quid
1238 1438 1474 1484 pararetur,

122 1495 372 1550 compositas
406 1494 573 1535 insidias
610 1495 745 1537 noctis
778 1495 918 1537 medio
949 1504 1226 1552 praevertens‚
1258 1500 1476 1541 columnas

124 1564 272 1604 domus
298 1562 491 1604 manibus
524 1565 763 1620 amplexus,
789 1565 1007 1606 materiem
1036 1573 1169 1607 totam
1203 1575 1242 1608 et
1271 1569 1466 1611 culminis

123 1633 279 1673 molem
303 1632 465 1674 cervice
492 1633 626 1674 valida
649 1641 887 1676 sustentans
905 1668 913 1681 ‚
940 1634 981 1675 in
1010 1635 1213 1677 verticem
1239 1639 1392 1680 montis
1420 1637 1474 1680 al·

124 1702 270 1744 tissimi
292 1703 612 1759 transportavit,
637 1704 708 1760 qui
730 1703 979 1747 imminebat
1005 1704 1100 1746 urbi
1129 1704 1325 1749 Chebron
1341 1740 1352 1758 ,
1386 1724 1475 1766 quae

123 1771 287 1830 populis
307 1771 494 1813 Hehraeis
516 1772 794 1814 incolebatur.

181 1840 339 1885 XXVI.
377 1841 460 1884 Sed
486 1857 584 1884 cum
617 1843 751 1885 libero
783 1851 823 1885 et
845 1859 947 1900 vago
973 1851 1092 1886 motu
1114 1848 1478 1904 transgrederetur

123 1926 211 1955 nou
234 1913 370 1954 solum
393 1913 572 1969 regionis
602 1922 786 1970 paternae
811 1914 1036 1963 terminos,
1063 1916 1136 1957 sed
1162 1916 1287 1958 etiam
1309 1933 1478 1961 morum

124 1981 306 2028 limites,
334 1991 375 2023 et
397 1982 607 2038 majorum
634 1983 927 2025 observatione
950 1985 1243 2041 praescriptos,
1276 2002 1368 2029 eam
1400 1990 1479 2030 sibi

124 2051 277 2094 suturae
312 2066 410 2093 mox
439 2052 568 2094 cladis
602 2062 762 2110 pestem
796 2054 966 2095 invenit.
1004 2053 1193 2111 *Namque
1216 2071 1365 2112 parum
1396 2057 1480 2101 fida

126 2129 322 2178 expertus
347 2121 589 2179 alienigenae
609 2123 747 2165 uxoris
765 2123 899 2180 prima
917 2124 1126 2165 connubia
1142 2156 1152 2171 ,
1178 2126 1247 2181 qui
1268 2127 1480 2170 debuisset

127 2205 275 2232 cavere
305 2192 371 2233 vel
401 2200 569 2248 postea,
596 2208 742 2234 rursus
769 2193 911 2235 Dalilae
939 2193 1127 2235 mulieris
1151 2194 1308 2237 fornicz¹
1293 2197 1385 2238 ‘iriae
1407 2212 1480 2240 co-

118 2261 269 2327 ζΡΠῙειιι]
301 2275 386 2303 non
423 2262 670 2310 declinavit3
710 2271 749 2304 et
781 2277 879 2304 cum
914 2278 1006 2304 eam
1049 2263 1278 2321 diligeret'
1268 2280 1478 2323 impense,

118 2330 318 2372 tentandi
340 2345 383 2371 se
405 2345 572 2372 causam
597 2331 701 2373 dolis
725 2332 948 2375 hostilibus
966 2332 1171 2388 praestitit.
1193 2332 1481 2378 Ascendentes

118 2385 241 2442 enim
270 2400 477 2442 Palaestini
510 2402 563 2443 ad
588 2416 704 2450 eam,
730 2402 906 2459 polliciti
944 2411 1041 2444 sunt
1077 2404 1302 2459 pecuniam
1327 2406 1482 2448 viritim

131 2469 301 2512 daturos
323 2470 437 2513 mille
464 2479 506 2514 et
535 2480 706 2514 centum
733 2472 949 2520 denarios,
975 2472 1008 2514 si
1039 2472 1237 2529 proderet
1258 2474 1315 2517 eis
1339 2475 1380 2517 in
1398 2491 1481 2532 quo

179 2570 187 2583 ¹
210 2560 318 2595 Judic.
333 2573 386 2605 xv,
410 2563 459 2601 18,
473 2568 504 2597 et
516 2573 604 2607 seqq.
620 2582 660 2589 —
679 2574 692 2588 ¹
714 2564 764 2598 Id.
783 2574 850 2603 xvi,
868 2577 896 2602 ι,
914 2570 945 2597 et
963 2575 1050 2608 seqq.

280 2631 359 2661 LXI.
1314 2637 1334 2665 2
1349 2638 1362 2664 l
