1774 3158
353 265 401 291 Dr:
435 265 525 290 1³11)ss
559 262 929 296 lli-lsumilic'rloNis,
966 265 1042 291 Llss.
1085 266 1127 291 ll.
1368 250 1423 304 (M)

82 360 153 386 nes
185 343 360 401 populos
391 343 526 388 fovet,
558 341 694 398 pluvia
718 342 994 398 possessiones
1019 343 1207 385 omnium
1233 343 1429 385 uberiore

82 413 215 455 imbre
237 412 462 453 foecundat.

137 482 290 525 XCIII.
327 483 482 524 Omnes
516 482 741 531 nascimur,
779 497 924 523 omnes
957 498 1250 539 resurgemus:
1285 486 1356 525 sed
1387 484 1426 523 in

83 562 260 609 utroque
281 554 346 594 vel
363 553 543 599 vivendi,
561 554 624 594 vel
648 552 922 594 reviviscendi
946 553 1074 609 gratia
1096 554 1247 609 dispar,
1269 554 1430 594 diversa

83 621 282 664 conditio.
313 639 327 660 «
346 622 391 663 In
414 629 627 663 momento
650 622 785 670 enim,
809 622 849 662 in
873 622 959 663 ictu
982 623 1112 669 oculi,
1141 623 1181 664 in
1205 623 1428 663 novissima

83 710 98 731 »
114 692 210 734 tuba
247 692 401 733 mortui
440 701 656 749 resurgent
697 692 956 749 incorrupti,
990 701 1031 733 et
1068 706 1142 734 nos
1184 692 1431 733 immutabi-

83 781 97 802 ω
112 777 207 804 mur
223 761 253 803 ¹.
278 780 292 800 n
309 762 420 812 Quin
442 762 567 803 etiam
596 763 636 803 in
656 763 742 820 ipsa
769 772 906 804 morte
927 763 1149 819 quiescunt
1175 763 1265 811 alii,
1289 763 1435 804 vivunt

85 833 162 875 alii.
190 833 305 874 Bona
330 833 462 888 quies,
482 834 555 874 sed
576 833 659 874 vita
676 833 834 875 melior.
858 834 1049 890 Denique
1068 835 1221 876 Paulus
1241 835 1291 875 ad
1308 834 1435 874 vitam

84 903 237 945 excitat
262 904 572 959 quiescentem,
607 905 750 946 dicens
775 920 784 947 :
808 922 822 942 α
843 905 974 962 Surge
997 906 1066 961 qni
1094 905 1273 952 dormis,
1299 913 1341 946 et
1362 919 1436 945 ex-

85 993 99 1012 »
114 989 234 1031 surge
254 989 273 1015 a
295 975 491 1023 mortuis,
516 984 557 1017 et
579 975 834 1017 illuminabit
854 976 929 1017 tibi
948 976 1138 1017 Christus
1152 975 1181 1017 ².
1209 994 1223 1014 n
1238 975 1347 1033 Ergo
1367 976 1437 1016 hic

85 1045 302 1092 excitatur,
336 1053 378 1086 ut
401 1045 531 1095 vivat,
557 1054 604 1086 ut
631 1047 776 1088 similis
794 1046 911 1089 Pauli
936 1047 1014 1094 sit,
1045 1055 1090 1087 ut
1113 1047 1242 1104 possit
1265 1047 1404 1088 dicere
1426 1062 1435 1088 :

95 1132 109 1153 α
128 1115 235 1166 Quia
258 1130 332 1157 nos
353 1116 422 1172 qui
440 1116 631 1164 vivimus,
655 1132 738 1158 non
756 1118 1059 1174 praeveniemus
1077 1133 1148 1159 eos
1168 1118 1240 1174 qni
1259 1119 1437 1159 dormie-

85 1205 98 1223 »
114 1194 213 1227 runt
229 1185 258 1227 ³.
291 1205 305 1224 ι)
330 1187 420 1228 Non
448 1187 560 1228 enim
596 1203 863 1229 communem
899 1187 1013 1229 hunc
1052 1188 1215 1229 vivendi
1251 1189 1439 1244 loquitur

88 1271 206 1297 usum
224 1289 235 1304 ,
274 1257 541 1313 spirandique
579 1259 883 1300 commercium
908 1291 918 1306 ,
958 1260 1031 1301 sed
1068 1259 1265 1301 meritum
1305 1274 1442 1300 resur-

86 1327 221 1381 gendi.
245 1327 349 1369 Nam
379 1342 474 1369 cum
493 1328 685 1369 dixisset:
703 1346 717 1365 «
737 1329 787 1370 Et
808 1329 962 1370 mortni
985 1328 1056 1384 qui
1074 1329 1114 1370 in
1134 1328 1300 1370 Christo
1323 1337 1439 1377 sunt,

88 1404 334 1452 »resurgent
363 1396 512 1454 primi,
539 1416 554 1436 n
579 1398 762 1454 subjecit
802 1398 984 1440 deinde:
1014 1415 1029 1436 «
1056 1399 1108 1440 Et
1138 1414 1213 1440 nos
1246 1399 1317 1455 qui
1343 1399 1442 1439 vivi-

88 1485 102 1504 »
117 1482 224 1514 mus,
246 1466 370 1509 simul
391 1482 486 1509 cum
506 1468 583 1510 illis
602 1468 814 1526 rapiemur
830 1468 872 1510 in
890 1468 1073 1510 nubibus
1092 1469 1259 1511 obviam
1271 1467 1439 1511 Christo

88 1535 158 1577 »in
182 1536 318 1579 ae'raA.
341 1555 356 1576 »

145 1606 292 1650 XCIV.
332 1608 484 1665 Utique
503 1617 696 1651 mortuus
712 1617 773 1650 est
794 1609 964 1659 Paulus,
991 1619 1033 1652 et
1055 1609 1250 1667 passione
1267 1623 1439 1650 venera-

88 1679 159 1721 bili
195 1680 323 1722 vitam
356 1681 544 1737 corporis
585 1696 681 1722 cum
715 1681 942 1723 immortali
980 1683 1109 1739 gloria
1135 1681 1440 1724 commutavit:

93 1766 192 1792 num
212 1749 362 1792 fefellit
383 1767 483 1808 ergo
506 1752 577 1807 qui
599 1767 642 1793 se
666 1751 874 1793 viventem
900 1753 1068 1810 scripsit
1089 1752 1130 1794 in
1154 1752 1339 1794 nubibus
1364 1751 1444 1793 oh-

86 1821 194 1864 viam
210 1822 377 1864 Christo
390 1838 478 1865 esse
491 1822 858 1878 rapiendum‘t‘Hoc
872 1823 983 1865 enim
998 1825 1049 1866 de
1066 1824 1212 1867 Enoch
1224 1820 1436 1880 legimus⁵,

90 1901 161 1933 aut
187 1892 275 1934 Elia
290 1891 301 1912 ⁶
332 1907 341 1933 :
367 1895 440 1934 sed
461 1901 502 1934 et
524 1901 567 1933 tu
584 1893 757 1950 rapieris
776 1893 818 1934 in
843 1893 1004 1949 spiritu.
1032 1894 1142 1936 Ecce
1160 1910 1309 1937 currus
1321 1896 1438 1945 Eliae,

90 1979 190 2005 ecce
211 1964 325 2021 ignes
345 1997 358 2012 ,
383 1964 459 2006 etsi
483 1978 567 2005 non
589 1964 802 2013 videntur,
823 1972 1050 2022 parantum
1073 1973 1120 2006 ut
1136 1965 1273 2022 justus
1298 1981 1443 2009 ascen·

91 2035 183 2083 dat,
211 2035 413 2077 innocens
435 2035 724 2084 transferatur,
750 2044 792 2076 et
815 2044 885 2077 tua
906 2035 988 2077 vita
1013 2036 1122 2077 mori
1155 2037 1327 2079 nesciat.
1356 2038 1443 2079 De-

92 2105 216 2161 nique
248 2106 437 2163 Apostoli
471 2107 578 2148 mori
618 2106 889 2154 nescierunt3
933 2106 1046 2148 unde
1079 2115 1122 2148 et
1149 2106 1313 2149 dictum
1353 2117 1440 2152 est:

102 2176 264 2219 «Amen
283 2210 294 2227 ‚
331 2193 452 2219 amen
484 2179 580 2219 dico
610 2178 727 2219 vobis
750 2210 760 2225 ,
791 2177 913 2218 multi
939 2192 990 2218 ex
1015 2177 1079 2219 his
1103 2177 1333 2220 astantibus
1356 2195 1439 2221 non

94 2248 353 2304 »gustabunt
384 2256 590 2296 mortem,
632 2249 767 2289 donec
796 2247 966 2289 videant
996 2247 1150 2289 Filium
1173 2247 1354 2290 hominis
1375 2265 1445 2291 ve-

93 2336 108 2357 »
122 2319 306 2360 nientem
328 2319 369 2360 in
388 2334 518 2376 regno
537 2334 611 2360 sno
629 2318 658 2360 ⁷.
677 2337 691 2357 n
705 2317 815 2360 Vivit
836 2318 946 2359 enim
966 2318 1138 2374 quinon
1165 2318 1308 2369 habet,
1330 2322 1445 2376 quod

93 2389 297 2430 moriatur
321 2389 362 2430 in
385 2404 454 2439 eo,
482 2390 551 2445 qui
577 2404 662 2431 non
685 2389 811 2430 habet
827 2403 877 2430 ex
896 2388 1077 2445 AEgypto
1102 2389 1441 2432 calceamentum

95 2460 263 2518 aliquod
281 2469 352 2503 aut
372 2461 588 2504 vinculum
614 2476 624 2501 ε
647 2460 721 2503 sed
737 2459 851 2506 exuit
868 2459 973 2502 illud
990 2460 1233 2521 priusquam
1257 2462 1443 2520 corporis

141 2562 148 2577 ¹
172 2564 187 2584 2
203 2553 282 2585 Gor.
301 2563 355 2590 xv,
370 2554 420 2585 52.
441 2571 479 2577 -2-
500 2563 510 2577 ·
529 2553 647 2596 Ephes.
667 2564 696 2590 v,
721 2551 771 2590 14.
787 2570 826 2576 —-
846 2554 858 2574 ³
882 2551 1023 2584 1Thess.
1052 2561 1094 2586 iv,
1123 2552 1172 2588 ¹4·
1189 2567 1226 2573 -
1250 2554 1260 2577 6
1285 2562 1293 2586 ι
1325 2552 1436 2596 Thesg,

97 2617 137 2646 lv,
153 2607 257 2641 αἴῃ-ε·
272 2608 282 2627 ³
304 2608 385 2641 Gen.
402 2615 431 2643 v,
452 2607 502 2653 24.
523 2625 562 2633 π
583 2605 1075 2657 “ltReg-1¹‚u‚—⁶⁷Maulh
1100 2615 1164 2645 κη,
1182 2606 1230 2646 ρΒ,
