1774 3158
480 261 760 289 EPISTOLARUM
794 260 950 288 CLASSIS
985 261 1010 287 1.
1091 281 1094 283 —
1347 246 1423 287 351

83 359 176 391 cos,
197 342 268 399 qui
288 340 469 383 vendant
494 340 728 382 cathedras.
754 338 866 390 Quid
888 346 983 381 sunt
1008 337 1218 379 cathedrae
1235 371 1244 385 .
1268 337 1344 379 nisi
1369 337 1439 378 ho-

83 414 235 455 nores?
265 411 379 464 Quid
413 420 512 452 sunt
547 410 778 452 columbae.
813 408 890 450 nisi
923 407 1132 464 simplices
1158 416 1345 456 mentes¹
1372 408 1439 449 vel

84 484 229 526 unimae
252 481 379 523 fidem
398 480 617 522 candidam
638 487 680 521 et
702 493 850 536 puram
868 477 1120 535 sequentes?
1142 478 1228 534 Ego
1250 492 1348 534 ergo
1372 477 1439 519 in-

87 554 246 605 ducam„
271 552 312 593 in
346 549 579 607 templum,
619 564 742 607 quem
784 547 976 590 Christus
1011 548 1226 590 excludit?
1254 547 1440 589 Jubetur

87 624 198 666 euim
233 622 374 670 exire,
407 621 477 677 qui
514 620 736 677 dignitates
770 619 914 661 vendit
942 626 983 661 et
1018 613 1199 660 honores
1234 634 1242 659 ε
1271 618 1444 675 jubetur

88 694 219 740 exire,
239 693 309 748 qui
338 693 518 734 vendere
543 692 630 733 vult
652 691 862 748 simplices
887 698 1052 732 mentes
1074 688 1278 731 fidelium.

149 763 287 807 XXII.
331 763 441 820 Ergo
472 761 706 804 Auxentius
737 761 927 818 ejicitur,
960 760 1222 803 Mercurinus
1254 760 1446 802 excludi-

93 836 183 876 tur.
204 835 340 876 Unum
369 824 613 890 portentum
639 841 723 880 est,
751 832 835 874 duo
860 830 1043 873 nomina.
1072 830 1238 872 Etenim
1265 846 1316 872 ne
1345 845 1446 886 cog·-

94 911 340 947 nosceretur
370 902 461 958 quis
490 910 625 950 esset,
663 901 840 944 mutavit
869 901 948 943 sibi
976 900 1257 949 vocabulum
1285 908 1329 941 ut
1353 900 1449 955 quia

96 975 164 1017 hic
183 974 317 1016 suerat
338 972 572 1015 Auxentius
593 973 816 1030 episcopus
837 972 1065 1020 Arrianus,
1092 972 1143 1013 ad
1162 971 1453 1028 decipiendam

97 1046 262 1104 plebem
274 1078 290 1093 ‚,
311 1059 436 1101 quam
462 1044 529 1085 ille
557 1053 773 1093 tenuerat,
806 1058 848 1085 se
872 1051 1042 1084 vocaret
1062 1041 1331 1083 Auxentium.
1367 1040 1455 1082 Mu-

100 1115 205 1170 tavit·
227 1129 325 1171 ergo
355 1114 607 1156 vocabulum
626 1146 636 1163 ‚
660 1115 732 1155 sed
757 1112 978 1170 perfidiam
1001 1127 1086 1154 non
1107 1111 1284 1153 mutavit
1308 1127 1315 1150 :
1342 1110 1456 1151 exuit

101 1185 248 1240 lupum
268 1216 278 1231 ‚
308 1185 380 1225 sed
412 1183 548 1224 induit
580 1184 741 1240 lupum.
781 1182 894 1225 Nihil
932 1184 1102 1239 prodest
1135 1182 1248 1238 quod
1279 1179 1456 1221 mutavit

103 1268 256 1295 nomen
281 1268 290 1294 ε
316 1253 419 1310 quid
437 1254 488 1295 sit
507 1253 760 1310 agnoscitur.
788 1252 905 1295 Alius
923 1252 964 1293 in
986 1251 1168 1308 Scythiae
1193 1250 1380 1307 partibus
1401 1248 1459 1289 di-

106 1324 304 1372 cebatur,
326 1323 430 1365 alius
450 1323 516 1365 hic
534 1332 708 1365 vocatur
730 1339 738 1364 :
760 1323 930 1365 nomina
955 1310 1029 1379 pro
1047 1321 1286 1378 regionibus
1314 1319 1455 1361 habet.

108 1395 243 1436 Habet
268 1408 367 1451 ergo
396 1393 479 1449 Jam
511 1394 592 1435 duo
615 1393 808 1440 nomina3
843 1401 883 1435 et
917 1392 948 1434 si
976 1392 1077 1435 hine
1105 1391 1183 1434 alio
1211 1390 1461 1448 perrexerit,

108 1465 282 1508 habebit
305 1472 344 1506 et
368 1464 553 1506 tertium.
589 1464 814 1515 Quomodo
837 1464 948 1505 enim
974 1463 1157 1521 patietur
1179 1471 1224 1504 ut
1242 1468 1406 1504 maneat
1428 1460 1467 1503 ei

111 1535 363 1578 vocabulum
398 1535 449 1576 ad
488 1533 590 1576 tanti
629 1533 798 1576 sceleris
826 1532 1058 1575 indicium?
1088 1532 1251 1574 Minora
1288 1531 1386 1572 fecit
1424 1530 1466 1572 in

113 1604 311 1662 Scythia;
334 1612 375 1646 et
403 1604 457 1646 ita
481 1603 674 1651 erubuit,
702 1612 748 1646 ut
772 1612 955 1646 mutaret
979 1603 1233 1645 vocabulum
1254 1618 1263 1642 :
1289 1602 1469 1643 scelera-

116 1677 218 1718 tiora
236 1676 305 1717 hic
329 1691 452 1717 ausus
475 1684 562 1724 est3
589 1685 630 1717 et
653 1677 787 1723 volet,
816 1690 1087 1732 quocumque
1118 1674 1372 1732 perrexerit,
1397 1688 1468 1714 no-

116 1747 229 1789 mine
247 1761 321 1788 suo
346 1746 497 1802 prodi?
529 1746 761 1788 Tantorum
790 1747 1045 1803 populorum
1073 1745 1317 1803 sanguinem
1344 1758 1472 1786 manu

118 1833 192 1864 sua
215 1817 393 1865 scribet,
414 1826 454 1858 et
477 1817 632 1873 poterit
655 1817 883 1859 consistere
902 1815 1078 1858 animo?

178 1888 340 1931 XXIII.
389 1887 550 1929 Paucos
581 1886 833 1929 excludebat
861 1887 1066 1929 Dominus
1089 1885 1210 1928 Jesus
1234 1887 1285 1927 de
1317 1886 1472 1942 templo

123 1975 219 2008 suo,
244 1957 478 2000 Auxentius
501 1959 666 1999 nullum
695 1957 876 2013 reliquit.
905 1957 967 1999 De
988 1958 1146 2014 templo
1164 1971 1239 1998 suo
1262 1955 1382 1998 Jesus
1405 1956 1476 1997 ssa-

125 2032 233 2089 grllo
252 2029 389 2085 ejicit,
415 2028 649 2071 Auxentius
669 2029 807 2085 gladio
829 2045 838 2069 ε
862 2028 985 2070 Jesus
1010 2029 1193 2085 flageIIO,
1214 2028 1476 2070 Mercurinus

127 2100 276 2143 securi.
299 2100 394 2142 Pius
414 2099 618 2140 Dominus
636 2100 801 2157 flagello
821 2100 1015 2141 exturbat
1033 2099 1279 2154 sacrilegos3
1300 2113 1482 2154 nequam

129 2170 394 2228 persequitur
416 2169 506 2226 pios
529 2169 655 2211 ferro.
685 2171 745 2212 De
770 2185 852 2227 quo
872 2171 978 2211 bene
999 2169 1156 2211 dixistis
1178 2168 1302 2210 hodie
1324 2168 1482 2225 :Leges

132 2258 226 2284 suas
248 2255 389 2283 secum
414 2240 531 2282 serat.
555 2240 705 2289 Feret,
727 2241 889 2283 etiamsi
911 2241 1044 2282 nolit:
1066 2240 1169 2281 seret
1187 2239 1484 2281 conscientiam

134 2327 273 2360 suam,
306 2311 380 2353 etsi
405 2310 586 2352 nonsart
611 2311 845 2353 chartulam
868 2327 876 2352 :
903 2311 1007 2352 seret
1025 2310 1225 2366 sanguine
1243 2309 1487 2365 inscriptam

137 2384 317 2424 animam
342 2396 485 2430 suani,
514 2381 590 2422 etsi
622 2390 855 2423 atramento
890 2380 1133 2438 inscriptam
1167 2379 1384 2436 epistolam
1408 2394 1491 2420 non

138 2452 255 2494 seret.
285 2451 446 2508 Scripta
465 2459 542 2498 est,
562 2451 690 2498 Juda,
717 2453 838 2508 culpa
859 2460 927 2492 tua
945 2450 1119 2507 graphio
1137 2449 1273 2497 ferreo
1295 2458 1334 2489 et
1356 2463 1493 2504 ungue

143 2521 427 2564 adamantino¹
452 2554 462 2570 ,
501 2530 542 2564 et
579 2522 732 2579 scripta
768 2523 809 2565 in
852 2530 1024 2579 pectore
1066 2529 1160 2568 tuo,
1203 2519 1283 2561 hoe
1319 2527 1375 2560 est
1392 2550 1402 2567 ‚
1440 2518 1496 2560 ibi

143 2592 319 2649 scripta,
346 2591 457 2634 unde
479 2592 698 2649 processit.

191 2673 338 2703 1Jerenn.
357 2682 487 2711 xv11‚1.
