1774 3158
351 260 405 308 84
896 269 925 295 s.
965 268 1155 295 AMBnosll

350 363 495 390 corum
525 348 596 404 qui
624 347 699 388 ista
723 344 1026 394 confinxerint,
1058 346 1171 387 velut
1198 345 1344 386 Circco
1376 346 1529 401 poculo
1559 344 1699 386 serunt

351 419 392 460 in
426 418 534 459 varia
568 416 795 458 bestiarum
827 424 1013 456 monstra
1044 429 1284 457 conversos.
1323 414 1436 464 Quid
1465 414 1575 455 euim
1614 423 1699 456 tam

352 488 485 530 simile
503 486 696 544 prodigii,
715 501 838 542 quam
857 486 1047 526 homines
1061 486 1234 527 credere
1252 485 1292 526 in
1309 485 1498 526 habitum
1518 484 1697 526 serarum

353 558 537 615 potuisse
569 556 751 599 mutarii'
787 556 955 607 Quanto
987 554 1158 610 majoris
1190 563 1251 596 est
1282 554 1460 611 prodigii
1488 554 1699 611 guberna-

352 630 500 672 tricem
523 628 705 670 hominis
725 626 924 673 animam,
943 626 1158 666 adversam
1177 625 1361 666 humano
1385 625 1527 682 generi
1552 625 1700 667 bestia·

349 714 443 740 rum
463 698 673 753 suscipere
693 703 904 743 naturam,
924 709 1208 751 capacemque
1223 694 1396 737 rationis
1415 696 1466 737 ad
1483 694 1700 737 irrationa-

351 769 434 809 bile
466 767 620 808 animal
651 780 770 822 posse
805 765 1000 814 transire,
1039 779 1166 821 quam
1199 765 1387 822 corporis
1423 765 1578 821 effigies
1611 780 1699 806 esse

349 837 558 880 mutatas?
586 836 667 878 Vos
690 836 768 893 ipsi
795 837 883 878 haec
914 835 1141 884 destruitis,
1168 836 1239 891 qui
1269 836 1439 877 docetis.
1474 836 1578 878 Nam
1608 852 1701 878 ma-

351 909 452 967 gicis
476 909 683 950 incantata
711 906 966 948 carminibus
989 914 1242 963 portentosa:
1266 906 1392 962 hujus
1417 907 1699 949 conversionis

349 995 501 1037 genera
520 977 761 1019 tradidistis.

407 1049 587 1092 CXXX.
622 1048 794 1090 Ludunt
816 1047 905 1089 haec
921 1047 1072 1098 Poetae,
1091 1045 1406 1104 reprehendunt
1426 1048 1665 1105 philosophi
1686 1064 1695 1090 :

349 1129 389 1162 et
413 1136 504 1177 quae
536 1126 686 1176 putant
717 1117 814 1160 ficta
848 1118 898 1159 de
928 1117 1188 1166 viventibus,
1212 1117 1301 1160 haec
1326 1119 1582 1160 arbitrantur
1603 1134 1698 1161 vera

348 1193 400 1234 de
424 1191 610 1232 mortuis.
643 1188 706 1230 Illi
734 1196 874 1229 autem
903 1187 975 1243 qui
998 1188 1072 1229 ista
1101 1186 1329 1237 finxerunt,
1351 1203 1436 1230 non
1459 1204 1576 1231 suam
1600 1205 1698 1246 pro-

345 1262 446 1303 bare
468 1261 652 1302 fabulam
667 1291 679 1306 ,
706 1259 780 1300 sed
801 1257 1150 1315 philosophorum
1172 1272 1335 1300 errores
1358 1258 1533 1300 irridere
1561 1260 1701 1300 voluc-

347 1331 553 1387 runtzqui
595 1337 744 1386 putant
780 1330 893 1384 quod
934 1327 1000 1370 illa
1039 1329 1192 1376 anima,
1232 1344 1322 1385 quae
1353 1329 1443 1371 miti
1467 1329 1699 1386 humilique

344 1402 560 1459 proposito
574 1399 835 1442 iracundiam
851 1399 1035 1447 vincere,
1050 1399 1291 1455 patientiam
1306 1415 1534 1448 assumere,
1549 1415 1699 1443 cruore

347 1472 556 1514 abstinere
584 1477 886 1517 consueverat3
922 1470 1068 1510 eadem
1100 1468 1294 1511 frementi
1325 1479 1446 1511 motu
1473 1470 1604 1512 leonis
1641 1471 1700 1512 in-

347 1558 486 1591 censa,
528 1542 599 1583 irae
637 1540 874 1597 impatiens,
907 1539 1063 1582 effrena
1105 1539 1250 1588 rabie,
1284 1539 1317 1582 si
1339 1540 1399 1582 ire
1430 1541 1694 1599 sanguinem,

347 1616 592 1670 easdemque
614 1611 744 1669 possit
768 1619 989 1667 expetere:
1008 1619 1049 1652 et
1074 1611 1140 1652 illa
1164 1625 1254 1667 qua}
1277 1613 1533 1668 populorum
1556 1612 1699 1654 fremi-

345 1693 412 1726 tus
437 1684 572 1726 varios
597 1681 726 1738 regali
747 1682 928 1737 quodam
958 1681 1130 1722 consilio
1154 1682 1432 1738 temperabat.
1458 1692 1500 1725 et
1522 1684 1700 1724 rationa-

343 1755 416 1796 bili
448 1769 549 1796 voce
575 1751 815 1800 mulcebat3
848 1753 997 1793 eadem
1025 1767 1069 1793 se
1101 1751 1211 1793 iuter
1242 1752 1360 1794 devia
1391 1760 1515 1810 atque
1537 1754 1698 1796 deserta

347 1827 430 1868 ritu
448 1827 645 1882 luporum
668 1822 850 1880 patiatur
872 1823 1058 1863 ululare:
1077 1830 1145 1863 aut
1172 1837 1264 1878 quae
1291 1822 1448 1879 injusto
1472 1825 1549 1866 sub
1572 1840 1699 1867 onere

347 1912 533 1956 gemens,
559 1896 685 1937 duros
708 1895 831 1934 aratri
850 1892 1014 1934 labores
1037 1901 1186 1948 questu
1209 1893 1434 1935 miserabili
1460 1895 1695 1952 mugiebat3

349 1971 494 2012 cadem
514 1974 657 2024 postea
674 1964 715 2005 in
733 1962 908 2020 figuram
928 1963 1109 2004 hominis
1126 1972 1400 2011 commutata,
1422 1965 1518 2007 levi¹
1541 1981 1697 2008 cornua

349 2047 508 2098 quaerat
537 2037 579 2078 in
614 2035 783 2076 fronte:
808 2034 871 2075 vel
903 2032 971 2074 illa
1005 2047 1129 2088 quam
1163 2043 1366 2090 praepetes
1400 2035 1515 2091 prius
1550 2051 1698 2093 pennae

347 2125 481 2167 usque
513 2108 565 2148 ad
600 2106 680 2147 alta
718 2103 810 2145 coeli
850 2117 924 2159 per
959 2103 1137 2144 sublime
1175 2104 1278 2144 ae‘ris
1320 2105 1477 2146 alarum
1515 2106 1697 2161 remigiis

349 2180 602 2225 evehebant,
627 2176 773 2217 eadem
796 2181 936 2230 postea
959 2174 1121 2214 volatus
1144 2173 1228 2228 jam
1253 2189 1336 2216 non
1368 2190 1464 2217 suos
1492 2177 1695 2233 requirat,

347 2263 389 2296 et
412 2268 454 2294 sc
477 2248 648 2293 humani
668 2247 807 2288 dolcat
824 2243 1010 2300 corporis
1028 2244 1229 2300 gravitate
1246 2245 1499 2303 pigrescere.

408 2319 605 2363 CXXXI.
646 2317 751 2358 Hinc
789 2314 962 2355 sortasse
1000 2321 1041 2354 et
1076 2314 1193 2355 illum
1230 2315 1396 2357 Icarum
1440 2317 1693 2373 perdidistis,

347 2393 460 2449 quod
490 2385 830 2447 persuasionibus
864 2384 1009 2425 vestris
1046 2383 1243 2427 inductus
1280 2387 1542 2436 adolescens,
1582 2388 1696 2444 prius

389 2505 395 2518 ι
423 2493 519 2526 Levi.
546 2492 590 2523 ait
620 2489 785 2526 Munius,
816 2487 865 2520 cui
901 2487 1097 2519 contrarium
1128 2495 1173 2521 est
1201 2499 1362 2532 asperum.
1405 2489 1496 2532 virg,
1528 2490 1566 2522 d(-
1601 2490 1696 2523 prmfi

342 2548 464 2581 filiabus
480 2570 489 2586 ‚
505 2545 617 2586 Esslog.
632 2555 678 2583 w,
698 2545 714 2574 5
726 2554 732 2574 ι
744 2567 752 2575 .

556 2600 595 2632 Ε(
611 2611 691 2641 stupe
708 2600 738 2632 ιή
755 2598 813 2630 levi
827 2598 987 2639 qna’sisset
1002 2607 1115 2629 cornua
1128 2599 1248 2640 fronte.
