1774 3158
283 211 296 236 1
310 199 334 236 ὃ
839 207 869 234 s.
910 206 1100 234 Aninnosu

277 288 492 347 pressione
515 284 681 334 mentis,
707 299 788 341 qua
810 284 998 342 corporis
1017 282 1289 327 similitudine
1309 283 1472 327 alter-,in
1497 283 1626 325 altero

277 360 536 402 videbamur.

334 426 575 472 XXXVIII.
616 425 719 477 Quis
741 433 781 467 te
799 425 971 482 aspexit,
992 424 1063 482 qui
1083 440 1165 467 non
1188 440 1255 467 me
1274 425 1407 466 visum
1430 423 1628 481 putaret?

267 497 443 551 Quoties
467 496 626 553 aliqum
650 496 841 544 salutavi,
868 495 936 551 qni
964 495 1162 551 quoniam
1187 504 1226 536 te
1250 495 1364 552 prius
1389 496 1628 536 consaluta-

274 577 438 616 verant,
463 583 504 609 se
528 582 548 608 a
573 582 639 607 nie
664 566 748 622 jam
772 566 959 607 dicerent
983 565 1212 607 salutatos?
1236 565 1393 616 Quanti
1415 565 1489 607 tibi
1513 565 1629 606 dixe-

276 647 377 681 runt
401 637 574 692 aliquid,
598 636 667 692 qui
693 650 734 676 se
757 635 858 676 mihi
888 635 1037 676 dixisse
1059 634 1375 676 memorarent?
1399 634 1502 684 Quae
1524 632 1626 674 mihi

276 709 374 752 hinc
399 706 571 765 gaudia,
603 713 758 762 quanta
783 705 1026 760 frequenter
1046 704 1192 745 oborta
1221 704 1360 746 laetitia
1377 736 1386 751 ,
1418 704 1531 760 quod
1558 717 1628 744 eos

277 793 417 820 errare
439 777 480 817 in
504 775 625 817 nobis
649 774 899 816 cernerem?
923 774 1060 825 Quam
1083 782 1224 830 gratus
1243 772 1402 821 crr0r¹,
1422 787 1547 829 quam
1566 771 1629 828 ju-

277 848 415 891 cunda
444 845 655 904 prolapsio
672 877 682 894 ,
721 860 846 901 quam
880 845 1073 901 religiosa
1110 844 1292 897 fallacia,
1330 859 1456 900 quam
1493 842 1628 884 suavis

275 916 508 959 calumnia!
536 915 679 972 Neque
710 915 821 957 enim
848 915 898 955 de
924 914 1003 955 tuis
1026 922 1114 956 erat
1137 913 1291 971 aliquid
1320 922 1390 956 aut
1414 913 1535 955 factis
1559 920 1630 954 aut

273 987 555 1033 sermonibus,
581 987 693 1042 quod
721 985 931 1032 timerem,
957 985 1028 1041 qui
1056 984 1158 1025 mihi
1181 992 1250 1026 tua
1267 984 1437 1025 lcetabar
1459 982 1622 1024 ascribi.

333 1057 541 1100 XXXIX.
579 1056 737 1097 Tamen
759 1054 790 1096 si
810 1055 1098 1096 vehementius
1116 1053 1436 1101 contenderent,
1456 1053 1569 1108 quod
1585 1066 1628 1092 se

273 1127 376 1169 mihi
406 1125 562 1182 aliquid
586 1125 798 1166 intimasse
824 1132 1126 1171 memorarent,
1158 1123 1466 1179 respondebam
1489 1121 1628 1162 ridens

272 1205 314 1239 et
343 1193 723 1253 gaudens:Videte
754 1209 807 1235 ne
838 1193 956 1235 fratri
987 1193 1189 1235 dixeritis,
1227 1193 1331 1234 Nam
1364 1207 1460 1234 cum
1489 1192 1629 1233 omnia

270 1267 393 1309 nobis
421 1275 559 1308 essent
586 1273 726 1307 nostra
750 1264 1009 1313 communia,
1041 1263 1281 1306 individuus
1307 1263 1492 1320 spiritus,
1517 1262 1627 1304 indi-

271 1336 423 1378 viduus
437 1335 636 1384 affectus3
655 1335 791 1376 solum
809 1342 950 1375 tamen
970 1349 1198 1375 commune
1215 1349 1300 1375 non
1315 1341 1404 1375 erat
1418 1341 1627 1375 secretum

273 1407 506 1448 amicorum
524 1420 533 1448 ε
552 1420 634 1447 non
658 1419 741 1461 quo
760 1404 1005 1446 conserendi
1023 1404 1262 1461 periculum
1280 1414 1536 1452 vereremur,
1556 1403 1629 1444 sed

271 1477 444 1520 tenendi
466 1491 727 1519 servaremus
750 1474 893 1516 fidem.
923 1474 1032 1516 Sane
1057 1476 1089 1517 si
1114 1475 1288 1517 consilio
1318 1474 1539 1532 pendenda
1563 1488 1627 1515 res

271 1555 395 1596 esset,
417 1556 506 1589 erat
526 1561 692 1604 semper
710 1560 936 1588 commune
961 1545 1202 1596 consilium,
1225 1560 1303 1587 nec
1326 1559 1491 1602 semper
1508 1558 1629 1586 com-

269 1631 399 1659 mune
429 1624 652 1658 secretum.
678 1615 782 1657 Nam
808 1615 885 1657 etsi
917 1615 1041 1657 amici
1064 1615 1120 1657 ita
1149 1615 1266 1657 alteri
1298 1623 1490 1657 nostrum
1521 1614 1629 1656 dice·

271 1696 382 1738 rent,
417 1695 463 1729 ut
495 1687 606 1729 dicta
638 1701 711 1728 sua
742 1687 793 1728 ad
820 1687 998 1728 alterum
1032 1687 1327 1744 pervenirent3
1364 1694 1505 1728 tamen
1540 1685 1626 1727 scio

272 1759 525 1816 plerumque
550 1757 606 1798 ita
630 1755 757 1797 fidem
788 1756 938 1798 secreti
969 1771 1058 1798 esse
1082 1765 1310 1806 servatam3
1337 1765 1384 1800 nt
1408 1771 1486 1799 nec
1511 1755 1628 1797 fratri

273 1829 625 1871 committeretur.
649 1827 747 1869 Erat
765 1827 877 1868 enim
894 1826 1018 1870 fidele
1038 1827 1259 1878 indicium,
1275 1836 1316 1870 et
1329 1837 1526 1870 extraneo
1544 1841 1629 1869 non

271 1915 361 1942 esse
380 1899 616 1957 proditum,
637 1898 751 1955 quod
773 1912 858 1940 non
880 1906 989 1940 esset
1007 1913 1103 1940 cum
1127 1898 1256 1940 fratre
1279 1899 1496 1940 collatum.

333 1971 423 2013 XL.
460 1970 534 2012 His
576 1969 703 2027 igitur
741 1969 864 2011 tantis
902 1983 948 2010 ac
981 1969 1133 2010 talibus
1173 1969 1293 2011 bonis
1332 1969 1372 2011 in
1413 1983 1628 2011 excessum

273 2043 499 2098 quemdam
515 2073 525 2089 ‚
552 2040 710 2088 fateor,
734 2039 887 2081 mentis
915 2040 1047 2081 elatus
1064 2072 1073 2089 ,
1098 2039 1364 2096 superstitem
1389 2055 1456 2081 me
1483 2040 1630 2082 timere

274 2111 505 2167 desieram,
540 2110 654 2167 quod
681 2109 798 2151 illum
832 2109 916 2150 vita
948 2110 1165 2150 crederem
1194 2110 1508 2166 dignioremzet
1535 2109 1629 2150 ideo

274 2181 419 2239 excepi
438 2182 617 2238 plagam,
634 2195 759 2236 quam
778 2178 887 2221 serre
903 2192 987 2220 non
1007 2193 1200 2235 possum3
1224 2178 1505 2221 tolerabiliora
1516 2177 1630 2219 enim

277 2251 380 2293 tanti
420 2250 576 2293 doloris
612 2248 928 2307 praemeditata,
972 2262 1099 2304 quam
1143 2248 1401 2305 inexplorata
1438 2249 1623 2290 vulnera,

323 2372 332 2386 ¹
360 2364 404 2396 Et
432 2363 491 2395 hoc
514 2374 664 2406 quoque,
691 2363 797 2406 inquit
826 2362 985 2400 Nunnius,
1011 2362 1115 2404 aliqua
1142 2373 1179 2394 ex
1210 2367 1300 2405 parte
1324 2372 1341 2393 a
1367 2361 1504 2403 Virgilio
1521 2366 1631 2394 mutuo

277 2423 437 2461 sumptum
453 2424 500 2450 est
518 2428 525 2448 z
544 2418 673 2449 AEneid.
693 2430 722 2454 x,
738 2417 796 2460 391
818 2424 849 2450 et
867 2419 944 2460 392.

486 2493 624 2533 Daunia,
639 2493 776 2537 Laryde,
793 2493 1013 2537 Tymberque,
1029 2492 1188 2524 simillima
1207 2493 1324 2535 proles,

490 2547 668 2580 Indiscreta
686 2548 759 2586 suis,
780 2552 950 2590 gratusque
966 2545 1154 2589 parentibus
1168 2556 1273 2580 error.
