1774 3158
256 269 340 320 334
708 247 711 250 Δ
799 281 831 309 s·
871 281 1064 311 AMBaosn
1531 316 1590 359 ζμ)

255 369 396 401 tamen
431 358 612 401 noluisse
647 358 731 406 ire,
759 359 833 400 sed
856 358 1009 401 dixisse
1039 374 1048 400 z
1075 358 1245 401 Credo
1234 374 1276 402 m
1302 358 1471 402 Christo
1498 359 1613 416 quod

254 430 340 487 ipse
358 429 577 471 nobiscum
605 427 730 470 faciet
756 428 999 485 imperator.

312 499 472 542 XXIII.
505 498 547 541 Si
571 498 660 541 haec
684 499 918 555 tyrannidis
943 499 1302 546 videntur—‚habeo
1327 515 1459 549 arma,
1486 501 1612 543 sedin

258 568 411 612 Christi
432 569 600 611 nomine
630 584 639 610 :
665 568 801 610 haheo
818 568 1019 611 offerendi
1041 569 1122 610 mei
1141 570 1327 626 corporis
1345 579 1607 627 potestatem.

258 638 372 690 Quid
392 646 630 680 moraretur
653 638 798 686 ferire,
823 639 854 679 si
878 648 1104 696 tyrannum
1128 640 1326 696 putaret?
1349 639 1489 682 Veteri
1518 641 1613 697 jure

261 722 282 748 a
318 708 607 750 sacerdotibus
639 707 790 750 donata
827 708 1024 765 imperia,
1054 724 1138 750 non
1163 718 1360 766 usurpata
1385 725 1393 751 :
1419 718 1462 751 et
1489 712 1612 768 vulgo

261 777 462 833 diciquod
476 777 747 834 imperatores
762 778 1042 820 sacerdotium
1057 779 1435 836 magimstayerint
1451 812 1462 828 ,
1484 795 1611 836 quam

259 847 482 903 imperium
507 847 755 888 sacerdotes.
784 847 973 889 Christus
995 848 1114 905 sugit,
1142 864 1194 890 ne
1211 864 1283 890 rex
1310 848 1461 891 fieret¹.
1481 850 1615 892 Habe·

257 931 350 958 mus
374 916 639 973 tyrannidem
661 924 859 958 nostram.
882 918 1087 978 Tyr-annis
1111 919 1340 961 sacerdotis
1355 952 1365 967 ,
1386 918 1606 962 infirmitas

261 995 323 1028 est
349 1001 357 1027 :
395 1003 410 1024 α
427 985 531 1027 Cum
560 984 766 1034 infirmor,
787 975 946 1042 inquit,
974 995 1075 1030 tunc
1099 998 1245 1045 potens
1272 988 1403 1031 sum².
1423 1009 1438 1027 »
1456 989 1613 1032 Cavere

259 1064 399 1098 tamen
418 1070 470 1097 ne
483 1055 569 1111 ipse
585 1054 662 1096 sihi
681 1062 908 1111 tyrannum
928 1055 1096 1106 faceret,
1113 1058 1179 1099 cui
1202 1060 1314 1100 Deus
1333 1059 1613 1100 adversarium

259 1140 344 1167 non
372 1125 579 1167 excitavit.
609 1124 703 1167 Non
725 1127 804 1167 hoc
827 1125 1053 1167 Maximum
1076 1127 1241 1175 dicere,
1271 1129 1385 1183 quod
1411 1136 1615 1184 tyrannus

262 1210 338 1252 ego
366 1195 443 1237 sim
471 1194 777 1243 Valentiniani,
803 1195 873 1250 qui
893 1211 934 1236 se
954 1211 1056 1237 mese
1079 1196 1300 1253 legationis
1319 1196 1491 1254 objectu
1506 1213 1615 1254 quse-

263 1267 369 1308 ritur
400 1267 452 1308 ad
487 1266 649 1307 Italiam
671 1280 754 1306 non
779 1265 962 1321 potuisse
991 1267 1176 1308 transire.
1213 1267 1367 1309 Addidi
1393 1256 1487 1323 quia
1510 1282 1616 1308 nun-

263 1352 388 1394 quam
410 1337 646 1379 sacerdotes
671 1336 839 1393 tyranni
862 1335 1031 1378 fuerunt
1051 1369 1060 1386 ‚
1088 1338 1161 1380 sed
1183 1346 1381 1395 tyrannos
1398 1353 1506 1395 saepe
1519 1347 1616 1381 sunt

263 1408 385 1465 passi.

318 1478 478 1521 XXIV.
514 1478 694 1519 Exactus
721 1485 784 1518 est
806 1484 917 1518 totus
942 1477 1008 1519 ille
1033 1478 1119 1519 dies
1153 1478 1195 1520 in
1225 1493 1407 1520 moerore
1435 1487 1579 1521 nostro
1603 1494 1612 1520 t

264 1548 399 1591 scissae
435 1557 576 1590 tamen
609 1548 660 1589 ab
690 1547 964 1602 illudentibus
998 1548 1137 1605 pueris
1161 1549 1333 1590 cortinae
1365 1549 1501 1606 regiae.
1528 1549 1616 1606 Ego

267 1621 440 1661 domum
469 1619 607 1660 redire
636 1632 718 1659 non
742 1617 886 1674 potui;
907 1617 1003 1673 quia
1027 1618 1272 1660 circumfusi
1296 1627 1415 1660 erant
1436 1618 1614 1667 milites,

267 1690 337 1747 qui
355 1689 571 1731 basilicam
599 1687 906 1730 custodiebant.
925 1687 1032 1730 Cum
1053 1688 1252 1730 fratribus
1284 1690 1463 1746 psalmos
1479 1688 1522 1730 in
1543 1689 1621 1730 Εευ

265 1760 401 1803 clesiae
416 1759 589 1801 basilica
611 1758 775 1800 minore
797 1757 988 1799 diximus.

321 1829 461 1874 XXV.
487 1829 687 1885 Sequenti
713 1828 779 1870 die
796 1829 930 1870 lectus
953 1836 1016 1869 est
1031 1829 1081 1870 de
1102 1843 1220 1870 more
1237 1829 1346 1870 liber
1366 1828 1507 1877 Jonae,
1534 1844 1617 1885 quo

265 1902 477 1959 completo
494 1933 504 1950 ,
529 1899 645 1941 hunc
661 1912 898 1940 sermonem
918 1899 1092 1939 adorsus
1116 1914 1206 1940 sum
1224 1914 1232 1939 ε
1247 1899 1374 1940 Liber
1391 1900 1525 1940 lectus
1537 1907 1614 1948 est,

265 1975 411 2016 fratres
426 2004 436 2021 ,
461 1985 544 2028 quo
567 1969 845 2028 prophetatur
861 1970 974 2024 quod
997 1978 1242 2025 peccatores
1267 1969 1306 2010 in
1327 1969 1617 2025 poenitentiam

266 2051 541 2087 revertantur.
569 2041 804 2099 Acceptum
827 2047 889 2080 est
907 2039 960 2080 ita
977 2072 986 2086 ,
1008 2048 1053 2080 ut
1077 2047 1316 2095 speraretur
1341 2039 1382 2079 in
1419 2039 1615 2095 praesenti

264 2115 469 2157 futurum.
488 2110 642 2154 Addidi
660 2109 773 2166 quod
785 2108 990 2165 virjustus
1004 2109 1128 2149 etiam
1145 2107 1614 2153 offensamcontrahere

262 2184 486 2230 voluisset,
510 2195 564 2223 ne
587 2181 652 2222 vel
674 2186 909 2236 spectaret,
944 2179 1008 2219 vel
1032 2178 1300 2220 denuntiaret
1327 2178 1535 2220 excidium
1557 2178 1612 2220 ci-

264 2255 394 2298 vitati.
427 2253 479 2295 Et
505 2251 621 2308 quod
657 2249 837 2306 lugubre
865 2256 973 2290 esset
996 2247 1101 2289 illud
1127 2248 1314 2313 dictum,
1340 2248 1610 2291 contristatus

264 2338 431 2384 quoque
456 2323 522 2372 sit,
545 2322 660 2378 quod
676 2320 849 2362 aruisset
865 2319 1101 2361 cucurbita.
1124 2318 1261 2360 Deum
1279 2334 1448 2376 quoque
1460 2319 1608 2361 dixisse

264 2398 316 2439 ad
331 2393 611 2451 Prophetam:
630 2389 697 2431 «Si
714 2389 842 2432 tristis
857 2404 902 2430 es
929 2404 1004 2445 pro
1030 2389 1252 2431 cucurbita
1266 2388 1306 2430 0»
1333 2390 1611 2446 Respondisse

259 2466 410 2509 <Ionam
432 2494 443 2512 ,
460 2458 669 2504 «Tristis³.
695 2477 711 2499 »
737 2457 898 2501 Dixisse
933 2458 1166 2499 Dominum
1184 2489 1195 2505 ,
1236 2458 1270 2499 si
1307 2458 1413 2499 illud
1451 2459 1612 2501 doleret

257 2535 371 2593 quod
392 2537 537 2575 exusta
552 2536 663 2572 esset
681 2527 904 2570 cucurbita
918 2559 928 2576 ,
952 2534 1109 2582 quanto
1131 2527 1262 2584 magis
1288 2527 1367 2570 sibi
1385 2541 1496 2570 curae
1523 2542 1612 2571 esse

299 2632 310 2650 ¹
329 2624 426 2658 Joan.
443 2632 490 2663 v1,
510 2620 559 2654 15.
575 2635 617 2645 -
634 2627 648 2644 ²
665 2628 683 2652 2
701 2617 780 2652 Cor.
795 2628 856 2660 ιιι,
875 2627 922 2650 ιο.
939 2634 979 2642 -
999 2617 1012 2642 ³
1028 2616 1137 2651 Jonae,
1154 2627 1197 2655 iv,
1214 2628 1247 2659 9.
