1774 3158
254 213 306 263 2:¹4
802 226 831 253 s.
874 226 1060 254 AMBROSH

253 304 451 346 vitiorum
477 301 739 345 educatrices
758 311 874 351 sunt,
900 303 992 359 jure
1017 304 1252 346 castitatem
1272 313 1395 361 atque
1415 305 1602 346 clemen-

257 375 357 415 tiam
386 371 560 413 dixerim
579 373 780 428 quasdam
799 372 1000 414 virtutum
1021 382 1238 430 parentes‚·
1264 388 1502 429 quanquam
1522 374 1606 431 pie-

255 451 315 484 tas
347 456 514 498 quoque
546 450 592 482 ut
623 441 811 483 omnium
844 442 1103 499 principatus
1131 443 1369 491 bonorum,
1402 444 1454 484 ita
1479 443 1603 485 etiam

255 512 526 554 seminarium
552 512 752 553 virtutum
780 520 842 553 est
867 520 1129 554 caeterarum.

314 582 397 624 LV.
436 582 540 624 Nam
573 584 623 623 de
646 581 905 639 parcimonia
937 582 1037 637 quid
1064 583 1236 637 loquar,
1263 591 1303 624 et
1327 582 1507 638 quadam
1533 582 1611 624 ha-

259 652 387 693 bendi
405 652 623 693 castitate?
641 653 677 693 Is
695 652 806 692 enim
825 665 908 692 non
927 652 1075 707 quaerit
1096 652 1244 700 aliona,
1266 653 1335 708 qui
1352 667 1424 693 sua
1443 659 1609 693 servat:

261 737 339 763 nec
365 720 534 762 inssatur
561 721 790 763 immodico
808 755 816 769 ,
849 722 918 778 qui
948 730 1170 763 contentus
1203 731 1265 764 est
1291 722 1472 779 proprio.
1500 720 1611 764 Nihil

263 808 361 849 crgo
382 793 493 834 aliud
509 792 584 833 nisi
603 791 819 849 proprium
838 807 1088 848 recuperare
1108 793 1259 840 voluitg
1284 793 1413 850 magis
1432 808 1484 834 ne
1506 792 1616 835 srau-

265 864 457 912 daretur,
479 878 604 919 quam
618 872 662 904 ut
676 863 892 905 ditaretur.
910 863 1012 905 Nam
1032 878 1102 905 eos
1118 863 1187 919 qui
1207 864 1339 904 aliena
1359 872 1611 919 quaererent,

265 942 380 974 recte
410 933 628 990 accipitres
654 933 841 989 pecuniae
870 932 1125 974 nominabat.
1158 933 1337 988 Quodsi
1360 932 1620 974 radixmalo-

266 1016 359 1044 rum
381 1003 568 1044 omnium
602 1003 768 1044 avaritia
787 1002 894 1051 est¹,
933 1002 1074 1059 utique
1094 1002 1190 1045 vitia
1213 1002 1351 1050 exuit,
1388 1002 1458 1060 qui
1495 1016 1622 1059 pecu-

268 1074 381 1116 niam
399 1089 483 1115 non
507 1074 694 1129 requirit.

323 1144 429 1187 LVI.
468 1145 559 1187 Nou
582 1159 766 1201 unquam
788 1145 1120 1186 accuratioribus
1145 1144 1278 1200 epulis
1306 1152 1378 1186 aut
1410 1143 1618 1200 congestis

271 1215 440 1257 ferculis
461 1216 690 1256 delectatus
718 1223 805 1264 est,
835 1215 913 1256 nisi
943 1230 1038 1257 cum
1071 1215 1225 1256 amicos
1245 1223 1409 1271 rogaret
1444 1230 1453 1256 :
1495 1229 1624 1270 quan-

276 1296 364 1328 tum
398 1295 556 1328 naturae
590 1285 686 1327 satis
723 1294 856 1335 esset,
896 1301 979 1327 non
1011 1294 1213 1342 quantum
1244 1285 1447 1340 voluptati
1479 1300 1626 1342 snper-

277 1365 407 1405 esset,
437 1356 666 1412 requirens.
712 1356 763 1396 Et
793 1365 906 1397 certe
937 1364 1025 1397 erat
1055 1371 1139 1397 non
1167 1371 1325 1413 pauper
1354 1356 1523 1412 opibus,
1557 1355 1630 1396 scd

276 1436 416 1467 tamen
439 1441 597 1482 pauper
628 1425 788 1482 spirita.
824 1425 885 1466 De
925 1425 1040 1466 istius
1069 1426 1329 1467 beatitudine
1366 1439 1631 1482 nequaquam

277 1497 420 1552 utique
453 1496 644 1537 dubitare
661 1495 883 1543 debemus,
911 1495 981 1550 qui
1004 1510 1138 1551 neque
1163 1504 1208 1536 ut
1238 1496 1413 1552 opulens
1431 1528 1439 1542 ,
1468 1495 1632 1536 exulta-

278 1568 338 1610 vit
366 1568 406 1609 in
436 1566 632 1609 divitiis²z
655 1581 788 1622 neque
816 1575 862 1608 ut
895 1582 1074 1624 pauper,
1102 1566 1297 1623 exiguum
1325 1567 1437 1623 quod
1460 1565 1630 1613 habuit,

281 1637 497 1694 judicavit.

340 1706 462 1749 LVII.
501 1707 701 1764 Superest
723 1715 768 1748 ut
786 1707 836 1748 ad
861 1706 1175 1748 conclusionem
1202 1705 1478 1747 cardinalium
1500 1705 1626 1747 virtu-

283 1787 393 1824 tum,
428 1776 553 1817 etiam
593 1776 761 1832 justitia}
805 1784 945 1833 partes
981 1777 1021 1817 in
1060 1791 1109 1817 co
1143 1775 1370 1817 debeamus
1403 1776 1633 1818 advertere.

281 1847 384 1889 Nam
407 1846 483 1888 etsi
507 1855 693 1903 cognata}
713 1847 794 1887 sint
815 1847 923 1888 inter
943 1862 984 1888 se
999 1879 1010 1895 ,
1036 1855 1329 1903 concretaeque
1350 1847 1550 1895 virtutes;
1574 1854 1640 1888 ta-

285 1933 380 1959 mon
418 1917 672 1973 singularum
700 1918 890 1973 quaedam
920 1917 1051 1959 forma
1087 1917 1319 1974 expressior
1350 1916 1638 1965 desideratur,

286 1989 548 2044 maximeque
568 1988 750 2044 justitiae.
785 1989 841 2029 Ea
872 1989 982 2029 enim
1016 1988 1092 2029 sibi
1117 1987 1282 2045 parcior
1312 1986 1410 2028 soris
1431 1994 1516 2028 tota
1544 1996 1631 2034 est.

287 2070 328 2101 et
351 2059 554 2115 quidquid
586 2058 712 2100 habet
741 2060 921 2114 quadam
942 2058 1210 2100 inclementIa
1236 2057 1321 2106 sui,
1351 2058 1450 2099 dum
1482 2057 1643 2115 rapitur

289 2145 433 2172 amore
456 2130 692 2180 conununi,
723 2129 1034 2171 ti·anssunditin
1060 2129 1286 2186 proximos.

347 2199 489 2242 LVIII.
528 2198 610 2240 Sed
638 2198 762 2254 liujus
782 2200 999 2256 multiplex
1027 2207 1088 2240 est
1111 2199 1283 2255 species.
1314 2197 1405 2239 Alia
1428 2212 1524 2253 erga
1550 2213 1646 2254 pro-

289 2271 491 2326 pinquos,
519 2270 593 2310 alia
625 2284 720 2325 erga
752 2270 988 2317 universos,
1024 2270 1100 2310 alia
1129 2284 1225 2324 erga
1252 2268 1326 2310 Dei
1355 2269 1544 2316 cultum,
1582 2270 1646 2310 vel

292 2340 582 2395 adjumentum
612 2340 796 2395 inopum.
832 2340 976 2395 Itaque
1014 2340 1146 2396 qualis
1180 2340 1216 2378 in
1246 2338 1459 2380 universos
1487 2338 1611 2381 suerit
1634 2371 1644 2385 .

286 2408 638 2466 provincialium,
676 2410 827 2464 quibus
861 2408 1024 2466 prael'uit
1046 2441 1056 2456 ,
1095 2409 1231 2450 studia
1269 2410 1422 2449 (locent
1453 2409 1534 2465 (ωε
1567 2408 1637 2464 qui

285 2487 500 2536 parentem
533 2478 661 2535 inagis
694 2478 820 2519 fuisse
854 2479 1096 2536 proprium,
1127 2494 1251 2535 quam
1280 2477 1469 2536 judicem
1503 2480 1647 2535 loque-

921 2570 936 2578 n

338 2574 345 2591 ¹
371 2581 382 2600 ι
400 2569 489 2602 Tim.
511 2579 681 2608 n,1o.——
700 2577 711 2592 ¹
741 2569 858 2602 Mauh.
873 2581 902 2609 v,
922 2579 953 2601 a.
