1774 3158
334 241 384 267 DE
418 240 590 268 Excussu
624 240 794 266 FRATRIS
828 240 889 267 SUI
923 240 1087 277 SATYRI,
1124 243 1202 270 LlB.
1244 244 1270 270 1.
1435 243 1477 271 ll

137 317 400 374 lacrymabili
424 319 566 366 dolore
591 326 831 373 percuteret
860 317 1079 368 affectum,
1116 323 1188 362 sed
1222 322 1484 364 memorabili

138 386 267 444 gratia
293 388 612 428 commendaret
637 387 858 439 haerodem.

195 456 293 498 XX.
331 457 444 507 Quid
467 457 592 511 igitur
622 472 734 498 nuuc
759 473 904 514 agam,
942 472 1038 499 cum
1068 473 1214 501 omnes
1247 461 1337 503 vitae
1370 462 1487 504 istius

138 526 374 570 suavitates,
395 535 547 568 cuncta
567 527 708 568 solatia
723 559 733 574 ,
753 536 905 568 cuncta
925 527 1105 583 denique
1124 539 1369 572 ornamenta
1389 531 1488 573 ami·

138 596 261 637 serim
279 595 296 637 P
313 596 374 638 Tu
391 597 502 637 enim
521 597 622 637 mihi
641 612 747 637 unus
765 612 855 638 eras
877 598 991 638 domi
1010 598 1176 645 solatio,
1199 598 1295 640 foris
1314 601 1456 642 decori
1477 615 1485 641 ε

136 674 183 708 tn
199 699 210 714 ,
230 666 398 722 inquam
415 699 424 714 ,
450 667 490 707 in
519 667 702 709 consiliis
726 667 907 716 arbiter,
946 683 1056 710 curce
1079 669 1311 726 particepS,
1337 670 1489 727 depre-

138 745 255 779 cator
270 737 560 779 sollicitudinis
575 771 585 786 ‚
608 738 806 794 depulsor
825 739 1016 780 moeroris
1041 753 1051 780 t
1074 747 1117 780 tu
1138 753 1330 781 meorum
1359 754 1489 781 asser-

137 816 204 850 tor
242 816 410 849 actuum
438 841 450 858 ‚
495 809 885 865 cogitationumque
934 808 1129 851 defensor
1154 825 1164 851 z
1194 818 1239 851 tu
1277 817 1490 867 postremo

137 892 272 926 unus,
313 878 351 919 iu
393 893 475 934 quo
509 879 741 920 domestica
780 878 1022 920 sollicitudo
1058 878 1286 929 resideret,
1323 879 1492 936 publica

138 961 239 988 cura
270 948 562 1004 requiesceret.
602 949 750 990 Testor
777 957 962 990 sanctam
988 947 1168 989 animam
1192 957 1307 990 tuam
1323 981 1333 996 ‚
1357 963 1426 990 me
1450 948 1489 989 in

137 1017 304 1058 fabricis
336 1018 534 1059 Ecclesiae
567 1017 608 1059 id
639 1034 746 1076 scepe
769 1019 948 1060 veritum
971 1033 1061 1060 esse
1088 1020 1161 1073 (Δ)
1184 1051 1194 1066 ,
1225 1033 1277 1060 ne
1300 1018 1490 1075 displice-

83 1127 86 1129 .
138 1103 227 1129 rem
259 1088 346 1130 tibi.
380 1088 570 1144 Denique
605 1089 677 1130 ubi
708 1089 895 1137 rediisti,
929 1088 1160 1145 objurgasti
1191 1103 1353 1130 moram
1389 1103 1398 1129 :
1433 1088 1487 1128 ita

138 1157 252 1199 domi
284 1157 464 1213 forisque
487 1159 677 1201 eruditor
709 1159 878 1215 quidam
907 1167 948 1201 et
977 1159 1133 1201 arbiter
1164 1157 1416 1205 sacerdotis,
1443 1165 1487 1199 ut

139 1228 369 1270 domestica
391 1229 575 1286 cogitare
602 1244 686 1270 non
708 1229 863 1271 sineres
883 1262 891 1277 ‚
918 1228 1088 1286 publica
1112 1243 1261 1270 curare
1281 1242 1482 1269 senseres.

138 1298 193 1340 At
224 1313 307 1340 non
340 1313 485 1339 verear
505 1332 514 1346 ,
549 1315 602 1340 ne
627 1300 770 1341 videar
795 1306 1037 1355 arroganter
1067 1298 1233 1344 dicere;
1266 1297 1355 1338 haee
1377 1297 1488 1338 enim

139 1368 272 1410 laudis
297 1376 375 1409 tuae
403 1369 540 1425 portio
563 1378 623 1411 est
643 1401 652 1417 ‚
676 1366 772 1425 quia
801 1369 889 1410 sine
918 1367 1148 1410 offensione
1169 1367 1252 1408 ulla
1273 1374 1314 1407 et
1336 1366 1491 1423 guber-

139 1438 244 1479 nasti
268 1438 403 1480 fratris
426 1439 595 1480 domum
618 1471 629 1489 ‚
655 1448 696 1480 et
720 1440 1022 1481 commendasti
1050 1436 1345 1479 sacerdotium.

198 1508 317 1550 XXI.
362 1508 504 1550 Sentio
537 1510 732 1565 equidem
773 1511 887 1565 quod
926 1508 1164 1565 repetendis
1200 1506 1346 1549 officiis
1381 1507 1487 1555 tuis,

140 1579 491 1635 recensendisque
525 1579 750 1621 virtutibus
784 1579 990 1621 afliciatur
1018 1579 1180 1620 animus
1210 1592 1219 1618 :
1246 1577 1318 1619 sed
1351 1585 1491 1619 tamen

141 1650 181 1691 in
214 1650 298 1706 ipsa
324 1649 404 1690 mei
428 1649 648 1691 affectione
672 1650 890 1706 requiesco
909 1683 918 1698 ‚
942 1658 1064 1705 atque
1088 1649 1151 1690 hae
1173 1648 1275 1689 mihi
1298 1649 1497 1690 recorda—

142 1719 275 1761 tiones
295 1719 370 1760 etsi
389 1719 576 1760 dolorem
595 1729 822 1767 renovant,
846 1728 988 1761 tamen
1010 1718 1189 1761 afferunt
1217 1717 1486 1774 voluptatem.

143 1790 208 1832 An
229 1804 305 1846 ego
333 1804 500 1846 possum
526 1798 596 1831 aut
632 1805 714 1831 non
742 1790 926 1847 cogitare
949 1791 1082 1837 dete,
1107 1796 1179 1829 aut
1195 1803 1380 1843 unquam
1405 1787 1492 1829 sine

143 1860 338 1916 lacrymis
360 1860 575 1916 cogitare?
601 1860 652 1901 Et
673 1869 820 1915 potero
848 1875 1034 1916 unquam
1062 1868 1132 1900 aut
1162 1857 1266 1899 tanti
1293 1872 1378 1898 non
1403 1872 1493 1898 me-

143 1931 311 1973 minisse
342 1930 502 1978 fratris,
533 1939 604 1971 aut
633 1931 719 1972 sine
748 1931 1011 1987 lacrymabili
1042 1929 1222 1985 quadam
1255 1927 1495 1969 meminisse

144 1999 305 2057 gratia?
333 2000 445 2051 Quid
478 2000 589 2041 enim
622 2001 726 2041 mihi
757 2015 944 2056 uuquam
974 1999 1237 2055 jucundum,
1269 1996 1381 2052 quod
1409 2012 1494 2038 non

143 2079 249 2112 esset
274 2086 322 2111 ex
343 2078 382 2112 te
411 2070 682 2127 profectum?
706 2071 840 2122 Quid,
868 2071 1038 2126 iuquam
1056 2103 1065 2118 ‚
1089 2068 1192 2110 mihi
1219 2068 1308 2109 sine
1331 2075 1396 2115 te,
1427 2075 1498 2109 aut

144 2141 219 2183 tihi
239 2155 424 2196 unquam
445 2141 532 2181 sine
564 2157 631 2182 me
655 2141 857 2197 voluptati
874 2139 984 2181 suit?
1007 2139 1111 2190 Quis
1135 2153 1219 2179 non
1237 2153 1336 2179 usus
1354 2137 1474 2178 nobis
1489 2170 1498 2185 ,

145 2219 188 2253 et
205 2226 335 2268 prope
358 2211 468 2252 visus
492 2211 602 2267 ipse,
626 2225 881 2267 somnusque
905 2208 1141 2252 communis
1159 2207 1176 2249 i>
1195 2208 1299 2259 Quae
1319 2207 1499 2249 discreta

145 2294 331 2335 unquam
364 2281 554 2321 voluutas
580 2280 597 2322 Ξ)
621 2281 746 2331 Quod
767 2295 851 2322 non
875 2294 1103 2322 commune
1127 2276 1344 2332 vestigium
1365 2276 1382 2318 P
1414 2277 1500 2318 sere

146 2357 193 2390 ut
225 2362 321 2389 cum
353 2350 529 2405 gradum
559 2351 776 2398 tollerem,
815 2351 877 2391 vel
904 2359 949 2391 tu
982 2362 1145 2396 meum,
1182 2347 1245 2388 vel
1271 2360 1347 2402 ego
1382 2354 1502 2387 tuum

148 2433 300 2475 corpus
326 2419 566 2460 videremur
588 2419 792 2461 attollere.

205 2488 344 2531 XXII.
381 2489 508 2540 Quod
531 2489 563 2531 si
598 2491 765 2546 quando
796 2489 884 2532 sine
909 2490 1038 2531 altero
1067 2486 1368 2545 prodeundum
1399 2484 1501 2530 suit.

150 2559 352 2602 intectum
374 2561 481 2602 latus
501 2569 692 2618 putares,
718 2560 918 2604 affectum
941 2560 1104 2603 vultum
1131 2570 1349 2605 cerneres,
1374 2569 1503 2598 moes-
