1774 3158
353 331 434 374 166
497 345 528 373 S.
566 345 758 373 AMBROSII
787 344 1050 374 ExPLANATlo
1084 343 1256 371 SYMBOLI
1291 344 1344 371 AD
1376 343 1630 372 INITIANDOS.

407 424 481 467 IX.
507 423 986 481 Ergoquemadmodum
1007 411 1231 465 duodecim
1253 422 1457 479 Apostoli,
1477 431 1519 464 et
1535 423 1697 464 duode-

349 494 432 536 cim
468 495 696 537 sententiae.
728 494 896 552 Signate
912 509 996 535 vos.
1018 493 1112 543 Quo
1130 492 1241 534 facto
1265 508 1274 533 ε
1294 491 1459 534 «Credo
1477 493 1490 543 [
1507 492 1547 533 in
1563 492 1698 534 Deum

348 564 544 606 »Patrem
575 565 931 621 omnipotentem,
963 571 1195 605 creatorem
1227 562 1320 603 coeli
1353 571 1395 603 et
1418 571 1537 603 terrae
1556 595 1566 611 ,
1594 570 1636 603 et
1658 561 1698 603 in

351 651 367 673 ι)
380 633 525 676 Jesum
551 634 764 676 Christum
786 635 939 676 Filium
957 634 1046 689 ejus
1061 632 1230 673 unicum
1248 633 1475 673 Dominum
1491 641 1697 679 nostrum,

347 723 362 744 n
377 705 447 761 qui
467 714 695 762 conceptus
709 713 771 746 est
786 706 837 747 de
855 704 1012 762 Spiritu
1036 712 1196 750 sancto,
1218 712 1340 744 natus
1363 719 1412 744 ex
1434 704 1589 758 Maria]
1606 702 1702 745 Vir-

347 793 363 815 »
377 775 471 832 gine
488 792 499 824 3
514 793 528 814 »
551 775 701 827 [habes
722 775 886 817 Patrem
912 775 1245 831 omnipotentem
1263 806 1273 822 ,
1294 775 1422 816 habes
1435 775 1589 816 Filium
1608 774 1702 815 uni—

348 850 473 900 cum]
495 878 504 893 ,
537 845 665 886 habes
693 845 1026 887 incarnationem
1057 845 1175 892 Filii,
1214 846 1570 900 quemadmodum
1600 844 1696 886 dixi.

361 914 476 956 «Sub
509 914 657 956 Pontio
688 916 819 957 Pilato
846 930 991 972 passus
1021 923 1061 956 et
1088 916 1301 971 sepultus;
1327 935 1342 952 n
1380 915 1506 956 habes
1544 914 1703 972 passio-

349 1001 446 1028 nem
470 994 511 1026 et
533 987 806 1042 sepulturam.
836 987 948 1027 Ecce
976 995 1157 1042 quatuor
1185 987 1271 1027 istae
1290 986 1519 1028 sententiae.
1552 984 1704 1027 Videa-

348 1072 441 1099 mus
470 1057 580 1098 alias.
615 1074 630 1094 ιι
647 1057 786 1098 Tertia
811 1057 878 1098 die
907 1058 1157 1108 [resurrexit
1180 1073 1200 1099 a
1221 1058 1423 1106 mortuis,
1451 1057 1637 1099 ascendit
1654 1058 1705 1099 ad

351 1145 366 1166 ι)
381 1127 509 1168 coelos
523 1158 533 1174 ,
565 1127 682 1167 sedet
699 1128 752 1167 ad
781 1128 996 1168 dexteram
1018 1127 1096 1169 Dei
1116 1127 1273 1177 Patris,
1302 1128 1400 1169 inde
1422 1136 1623 1169 venturus
1644 1136 1707 1169 est

350 1196 568 1253 »judicare
590 1195 722 1254 vivos]
735 1204 776 1238 et
791 1206 1020 1238 mortuos.»
1035 1197 1146 1238 Ecce
1168 1198 1257 1239 aliae
1275 1206 1456 1254 quatuor
1473 1197 1704 1245 sententiae,

349 1266 430 1308 hoc
455 1275 541 1315 est,
578 1274 677 1308 octo
711 1267 942 1308 sententiaa.
981 1266 1209 1310 Videamus
1244 1267 1382 1309 adhuc
1406 1267 1504 1308 alias
1527 1276 1707 1322 quatuor

353 1336 594 1379 sententias.
615 1337 688 1377 «Et
712 1337 752 1377 in
776 1336 981 1394 Spiritum
1009 1347 1219 1386 sanctum,
1238 1338 1705 1389 [sanctamEcclesiam,

353 1406 672 1448 »remissionem
694 1416 967 1463 peccatorum
982 1440 992 1455 ,
1019 1408 1172 1465 carnis]
1196 1409 1585 1450 resurrectionem.»
1597 1409 1708 1450 Ecce

352 1477 587 1519 secundum
613 1476 840 1518 duodecim
873 1477 1121 1534 Apostolos,
1160 1486 1203 1519 et
1236 1478 1462 1520 duodecim
1494 1477 1709 1520 sententiae

352 1547 667 1604 comprehensa:
690 1556 799 1589 sunt.

409 1619 464 1661 X.
488 1619 596 1661 Illud
609 1633 707 1660 sane
722 1619 906 1661 monitos
923 1633 994 1660 vos
1013 1620 1106 1661 volo
1118 1634 1229 1668 esse,
1253 1620 1450 1676 quoniam
1470 1621 1709 1677 symbolum

350 1704 435 1731 non
460 1689 586 1731 debet
605 1688 756 1737 scribi,
792 1688 888 1745 quia
921 1689 1101 1731 reddere
1123 1690 1228 1731 illud
1252 1689 1428 1732 habetis.
1470 1689 1556 1732 Sed
1586 1706 1710 1732 nemo

350 1760 519 1802 scribat.
539 1759 634 1810 Qua
652 1759 845 1800 ratione?
865 1758 934 1800 Sic
955 1759 1197 1817 accepimus
1221 1769 1265 1801 ut
1284 1775 1367 1801 non
1392 1761 1544 1802 debeat
1565 1760 1704 1802 scribi.

350 1830 434 1873 Sed
457 1829 586 1887 quid?
603 1829 768 1871 Teneri.
794 1829 876 1870 Sed
895 1829 999 1871 dicis
1013 1831 1115 1872 mihi
1130 1862 1141 1878 ,
1165 1831 1380 1887 quomodo
1399 1839 1539 1887 potest
1559 1830 1708 1879 teneri,

352 1900 492 1943 sinon
514 1899 744 1942 scribitur?
782 1899 909 1956 Magis
947 1909 1088 1957 potest
1119 1901 1278 1949 teneri,
1311 1900 1343 1941 si
1374 1915 1459 1941 non
1484 1900 1706 1942 scribatur.

349 1973 443 2024 Qua
467 1970 660 2013 ratione?
678 1970 888 2027 Accipite.
917 1971 1045 2023 Quod
1065 1971 1178 2012 enim
1196 1971 1354 2012 scribes
1369 2003 1379 2018 ‚
1400 1986 1572 2013 securus
1596 1972 1712 2028 quasi

348 2044 535 2101 relegas,
575 2057 660 2083 non
692 2042 937 2098 quotidiana
971 2042 1246 2084 meditatione
1279 2041 1428 2098 incipis
1461 2057 1711 2084 recensere:

348 2115 464 2171 quod
487 2123 626 2155 autem
652 2128 738 2154 non
772 2112 920 2154 scribis
937 2145 947 2162 ,
979 2113 1104 2154 times
1130 2128 1182 2154 ne
1221 2103 1385 2154 amittas
1406 2146 1416 2161 ,
1443 2114 1632 2169 quotidie
1654 2114 1713 2155 in-

354 2184 457 2241 cipis
482 2197 716 2225 recensere.
742 2181 942 2238 Magnum
962 2190 1104 2224 autem
1128 2191 1413 2225 tutamentum
1431 2192 1519 2225 est:
1539 2198 1715 2226 nascun-

353 2264 423 2298 tur
435 2262 628 2310 stupores
652 2252 779 2293 animi
801 2252 1060 2309 etcorporis,
1084 2253 1256 2294 tentatio
1284 2254 1506 2295 adversarii
1524 2253 1594 2310 qui
1611 2268 1715 2294 nun·

353 2340 479 2382 quam
497 2323 703 2380 quiescit,
730 2331 890 2364 tremor
910 2323 1056 2378 aliquis
1073 2323 1267 2380 corporis
1285 2356 1295 2371 ‚
1322 2322 1543 2365 infirmitas
1565 2331 1714 2364 stoma-

346 2395 440 2444 chi3
470 2394 711 2451 symbolum
733 2407 906 2434 recense
930 2392 1036 2434 intra
1063 2401 1105 2434 te
1120 2426 1129 2439 ‚
1158 2393 1338 2434 maxime
1358 2409 1530 2436 recense
1549 2394 1658 2435 intra
1675 2403 1715 2435 te

347 2465 498 2522 ipsum.
527 2464 670 2514 Quare
687 2462 1040 2503 consuetudinem
1055 2461 1181 2504 facias
1199 2471 1356 2505 etcum
1375 2465 1502 2513 solus,
1526 2465 1603 2520 (ut)
1629 2462 1716 2505 sor-

345 2536 427 2578 tius
446 2548 666 2576 recenseas
694 2533 766 2574 ubi
791 2541 892 2574 sunt
916 2530 1074 2574 fideles.
