1774 3158
505 272 789 301 Emsrommm
822 272 979 300 CLASSIS
1011 272 1039 300 ι.
1374 258 1453 307 4οι

107 350 350 392 ceciderunt
373 364 481 407 saepe
505 350 546 391 in
565 350 729 391 deserto
746 382 756 396 ,
774 349 1128 404 derelinquamus.
1151 348 1460 391 Convertamur

107 430 268 468 autem,
295 430 335 462 et
359 434 585 476 sequamur
618 420 828 476 sapientiae
851 420 984 468 viam,
1016 435 1141 476 quam
1166 435 1248 461 non
1272 421 1465 461 calcave-

106 501 204 532 runt
227 491 297 531 filii
327 490 653 547 glorificantium
681 505 723 531 se
751 498 792 530 et
815 489 1087 545 jactantium,
1119 505 1244 546 quam
1279 491 1464 532 interitio

108 561 299 616 ignorat,
324 575 435 602 mors
462 560 621 608 nescit3
647 560 742 616 quia
774 561 885 600 Deus
910 560 1060 601 direxit
1092 576 1183 602 eam
1213 576 1254 601 z«
1278 561 1466 615 Abyssus

109 629 242 671 „dixit
270 645 279 669 τ
307 629 399 671 Non
432 638 491 671 est
518 630 558 670 in
582 645 675 677 me3
699 643 816 670 mare
838 629 941 670 dixit
967 644 975 670 :
1003 629 1096 670 Non
1122 641 1181 671 est
1207 630 1419 672 meeum¹.
1441 649 1457 669 n

112 700 196 741 Sed
215 700 246 741 si
266 701 418 758 quaeris
442 700 547 741 viam
578 699 790 756 sapientize
810 708 851 740 et
871 699 1124 755 disciplinam
1152 701 1291 741 colere
1308 700 1441 741 Deum
1457 733 1468 748 ,

111 779 235 826 atque
259 771 296 811 ei
320 771 538 811 subditum
562 785 653 811 esse
675 769 875 827 sapientia
909 778 971 810 est
993 784 1001 810 :
1037 769 1249 811 abstinere
1282 778 1420 811 autem
1451 785 1470 811 a

110 841 292 897 peccatis
308 872 319 888 ,
344 841 562 896 disciplina
586 849 661 882 est.

169 908 219 951 V.
259 909 372 961 Quid
397 910 523 966 igitur
544 910 666 950 nobis
690 923 786 951 cum
815 909 931 951 istius
954 910 1094 952 saeculi
1117 910 1181 952 via
1199 943 1210 961 ,
1234 910 1274 952 in
1305 925 1384 967 qua
1409 919 1472 952 est

111 978 309 1026 tentatio;
335 978 418 1019 imo
453 979 538 1034 ipsa
574 979 659 1020 vita
688 979 872 1020 hominis
902 981 1077 1021 tentatio
1114 988 1203 1029 est,
1246 989 1286 1021 et
1322 981 1471 1021 exilior

113 1065 238 1105 quam
262 1064 400 1090 sermo
425 1049 663 1090 fabularum
682 1081 692 1097 ‚
718 1050 908 1091 habitare
926 1050 967 1091 in
992 1051 1115 1092 luteis
1139 1050 1361 1097 domibus,
1387 1050 1473 1091 dies

114 1128 156 1161 et
179 1129 324 1161 noctes
347 1120 388 1160 in
412 1120 541 1161 lucris
563 1135 746 1176 ponere,
778 1128 820 1161 et
842 1122 893 1162 de
915 1121 1045 1162 lucris
1071 1135 1238 1176 semper
1268 1121 1476 1177 cogitare,

117 1197 161 1230 et
179 1189 287 1229 sicut
309 1190 589 1230 mercenarios
610 1190 804 1230 diurnam
822 1191 1064 1231 mercedem
1086 1205 1275 1246 quaerere
1291 1221 1302 1238 ,
1331 1198 1453 1245 atque
1468 1221 1478 1237 ,

115 1268 164 1300 ut
191 1259 358 1301 cicadas
382 1259 522 1309 aiunt,
558 1274 656 1300 aura
681 1260 860 1315 quadam
890 1260 1003 1316 pasci
1031 1260 1341 1316 cupiditatum?
1368 1258 1478 1301 Vere

120 1329 231 1371 sicut
253 1329 446 1376 cicadas,
475 1329 570 1385 quia
597 1330 648 1370 de
673 1329 738 1369 die
774 1329 814 1369 in
849 1330 959 1370 diem
986 1321 1157 1378 virunt,
1190 1338 1341 1385 questu
1362 1344 1481 1370 rum-

118 1408 280 1455 puntur
302 1414 391 1440 suo.
421 1400 534 1450 Quid
562 1400 673 1440 enim
699 1399 811 1440 aliud
845 1407 941 1440 sunt
974 1399 1168 1440 homines
1202 1400 1357 1440 nullius
1384 1412 1484 1455 pon·

121 1470 257 1517 deris,
280 1469 435 1510 nullius
459 1469 713 1525 disciplinae3
741 1468 818 1509 nisi
842 1477 886 1510 ut
912 1468 1134 1510 videantur
1161 1468 1270 1510 sicut
1300 1468 1455 1510 cicadae
1473 1500 1484 1516 ,

123 1540 175 1580 ad
199 1548 380 1580 mortem
400 1539 485 1580 nati
511 1539 727 1587 diurnam,
754 1547 986 1596 strepentes
1009 1539 1138 1596 magis
1158 1554 1284 1595 quam
1309 1540 1484 1594 loquen-

124 1609 213 1650 tes‘?
233 1609 315 1659 Qui
335 1609 413 1649 sub
443 1610 592 1650 ardore
617 1608 868 1650 serventium
891 1609 1170 1664 cupiditatum
1197 1623 1239 1649 se
1270 1610 1484 1649 mulceant

124 1686 251 1719 cantu
288 1678 367 1719 sibi
409 1679 560 1726 noxio,
599 1679 823 1734 statimque
850 1679 1072 1726 occidant,
1108 1679 1273 1719 nullum
1298 1678 1488 1719 fructum

67 1739 72 1745 i
125 1748 331 1794 serentes,
357 1747 462 1789 nihil
490 1749 694 1789 habentes
724 1749 879 1804 gratiae.
912 1749 1071 1790 [lorum
1103 1749 1229 1804 igilur
1253 1748 1327 1788 viae
1351 1747 1487 1788 noxiae

127 1826 412 1873 tortuosaeque
436 1819 712 1874 serpentium,
729 1818 799 1874 qui
821 1827 1025 1860 venenato
1044 1820 1160 1874 lapsu
1186 1817 1374 1874 corporis
1399 1831 1488 1857 sese

128 1887 327 1934 trahunt,
353 1896 476 1943 atque
501 1888 540 1928 in
567 1888 722 1944 spiram
745 1888 942 1944 nequitiae
968 1903 1057 1929 sese
1086 1887 1316 1944 colligunt,
1340 1895 1382 1927 et
1409 1886 1487 1927 eri-

130 1971 229 2013 gere
247 1972 330 1997 non
356 1967 516 2012 queunt
541 1959 590 1999 ad
614 1958 810 1999 coelestia.

196 2027 260 2069 VI.
295 2028 588 2083 Ingrediaunur
608 2038 747 2069 autem
766 2035 905 2084 portas
916 2027 1101 2075 Domini,
1116 2035 1256 2082 portas
1273 2025 1486 2082 justitiae¹‚

131 2112 230 2152 quas
261 2097 395 2153 justus
422 2098 491 2153 qui
522 2098 645 2140 suerit
674 2098 905 2155 ingressus,
932 2097 1159 2139 confitetur
1186 2097 1378 2138 Domino.
1404 2096 1489 2138 Sed

131 2167 220 2209 haec
244 2182 475 2223 paucorum
513 2168 713 2226 ingressio
731 2202 740 2217 ,
767 2170 881 2211 unde
910 2169 1114 2210 Dominus
1138 2169 1216 2216 ait,
1250 2168 1347 2224 quia
1366 2186 1378 2204 o
1401 2168 1492 2209 An-

132 2255 147 2276 »
162 2247 279 2294 gusta
300 2247 436 2295 porta,
452 2247 493 2279 et
512 2247 625 2281 arcta
648 2248 710 2281 est
730 2242 809 2288 via,
829 2254 920 2295 quae
940 2240 1056 2281 ducit
1076 2239 1264 2280 advitam
1281 2255 1291 2286 3
1309 2247 1350 2279 et
1369 2238 1494 2294 pauci

132 2325 148 2346 n
163 2315 259 2348 sunt
279 2339 288 2355 ‚
314 2308 385 2363 qui
410 2309 626 2350 inveniunt
646 2309 780 2351 eam¹.
800 2310 927 2351 »Lata
953 2318 1091 2351 autem
1112 2318 1229 2365 porta
1252 2317 1293 2350 et
1310 2308 1491 2364 spatiosa

133 2378 222 2424 via,
247 2393 326 2434 qua
350 2378 471 2420 multi
494 2380 763 2435 gradiuntur,
789 2381 842 2422 ad
858 2389 1038 2422 mortem
1060 2380 1228 2437 dirigit,
1248 2387 1289 2421 et
1313 2380 1493 2420 viatores

135 2462 234 2490 suos
252 2462 302 2489 eo
322 2448 454 2490 ducit.

192 2517 283 2561 VII.
321 2517 383 2559 Sit
404 2533 502 2576 ergo
522 2518 585 2561 via
605 2528 750 2562 nostra
769 2520 981 2578 angustior
998 2520 1148 2570 ‚virtus
1172 2517 1492 2569 exuberantior,

176 2610 192 2658 '¹
216 2609 292 2642 Job.
311 2620 428 2650 xxviu,
448 2611 500 2650 14·
517 2630 557 2639 —
574 2622 586 2638 ¹
605 2612 688 2647 Psal.
706 2623 803 2650 cun,
822 2622 870 2657 ¹9·
891 2630 932 2640 -
947 2613 961 2639 ³
978 2612 1100 2647 Matth.
1117 2622 1178 2652 vn,
1196 2611 1247 2648 14-

292 2679 373 2709 ικι.
1330 2667 1384 2708 26
