1774 3158
624 253 956 283 ANNOTATIONES.
1378 244 1461 295 481

116 331 273 374 Feralis
295 332 363 375 hic
387 346 468 373 non
495 347 516 374 a
539 332 623 375 sera
643 333 813 383 dicitur,
834 336 906 377 sed
925 350 945 377 a
968 334 1102 385 feriis,
1130 334 1173 378 id
1194 343 1282 385 est,
1308 335 1467 380 inferiis

117 412 397 445 mortuorum.
425 403 498 446 Est
527 413 666 447 autem
689 405 758 448 hic
782 405 919 448 feralis
943 406 1163 449 haereditas
1179 441 1189 456 ‚
1215 407 1325 451 idem
1353 412 1470 466 quod

116 473 361 529 exequialis,
394 488 675 531 quaecumque
710 476 822 518 enim
850 475 900 517 ad
922 485 1114 519 mortuos
1138 478 1379 535 pertinent,
1405 479 1467 520 se-

115 544 213 585 ralia
240 543 454 587 dicuntur.
492 546 550 587 Ita
571 547 653 589 ille.

470 680 714 708 ANNOTATto
749 666 838 722 (38)
874 682 966 725 pag.
1012 667 1104 709 103.

170 801 394 843 Penicillus
415 801 492 842 etsi
507 801 676 858 proprie
693 816 741 843 ex
757 801 979 858 peniculis,
1003 803 1084 845 hoc
1106 811 1182 853 est,
1208 805 1351 845 caudis
1376 804 1467 846 ani*

111 873 285 914 malium
322 879 511 919 constet,
552 872 704 928 quibus
740 872 924 929 pictores
956 873 1208 915 inducendis
1250 875 1466 916 coloribus

112 951 317 991 munim-5
337 956 421 984 non
438 950 578 984 tamen
596 943 838 999 infrequens
857 952 918 985 est
934 959 1005 986 eos
1031 959 1107 1002 pro
1134 944 1316 1002 spongiis
1341 961 1462 986 usur-

109 1012 227 1069 pari,
256 1013 470 1069 quomodo
494 1012 534 1054 in
559 1013 778 1056 Eunucho
794 1014 963 1058 Terent.
993 1023 1073 1057 act.
1100 1016 1127 1066 4
1145 1047 1154 1063 ,
1173 1030 1279 1071 sc.7.
1309 1014 1393 1058 Sic.
1417 1018 1462 1058 P.

109 1083 312 1127 Nannius.

537 1238 780 1266 ANNOTATIO
817 1223 906 1282 (39)
944 1224 1044 1267 ibid.

165 1361 380 1406 Alluditur
397 1362 447 1404 ad
466 1363 697 1405 solemnem
713 1361 1030 1405 acclamationis
1047 1361 1294 1412 formulam,
1315 1365 1366 1407 de
1384 1379 1465 1421 qua

106 1434 388 1477 Tertullianus
406 1434 447 1475 in
469 1434 696 1492 Apologet.
725 1450 739 1476 .·

222 1539 288 1581 De
308 1539 470 1582 nostris
493 1539 627 1581 annis
648 1538 730 1580 tibi
745 1538 926 1598 Jupiter
946 1550 1105 1597 augeat
1125 1555 1278 1583 armos.

463 1691 708 1718 ANNo'rATm
745 1677 834 1733 (4'0)
873 1692 965 1734 pag.
1010 1679 1103 1728 104.

162 1814 301 1865 Quam
319 1812 580 1871 paucissimis
594 1811 731 1854 verbis
750 1812 983 1853 absolutam
995 1811 1277 1854 Valentiniani
1290 1812 1460 1854 laudem

101 1885 348 1941 complexus
368 1892 430 1925 est
456 1891 624 1925 sanctus
649 1882 916 1931 Ambrosius,
953 1897 1090 1938 neque
1118 1891 1258 1924 tamen
1291 1897 1384 1925 eam
1418 1882 1460 1924 in

102 1954 232 1996 ullam
256 1954 507 1996 adulationis
529 1953 813 2011 suspicionem
834 1953 893 1994 fas
926 1960 988 1994 est
1013 1954 1226 1996 adducere
1249 1987 1259 2003 ,
1284 1969 1383 1996 curn
1407 1954 1459 1995 de

99 2025 325 2068 virtutibus
347 2024 537 2082 ejusdem
559 2023 761 2081 principis
777 2022 925 2066 eadem
945 2030 1151 2065 testentur
1168 2032 1208 2065 et
1230 2023 1297 2065 alii
1317 2023 1455 2065 multi.

99 2096 261 2139 Videsis
279 2095 561 2138 sozomenum
580 2096 651 2137 lib.
670 2111 750 2142 vir,
771 2110 861 2152 cap.
880 2109 900 2135 2
913 2110 931 2135 2
948 2128 958 2143 ,
979 2094 1267 2153 Nicephorum
1289 2095 1362 2138 lib.
1380 2094 1454 2143 xli,

98 2181 190 2224 cap.
219 2168 272 2209 58
297 2175 338 2208 et
364 2167 478 2209 alios.

452 2316 698 2344 ΑΝΝοΤΑΤιο
733 2300 825 2359 (41)
862 2316 954 2358 pag.
1001 2316 1096 2356 107.

154 2443 272 2484 Idem
304 2455 448 2483 sensus
478 2439 557 2481 fuit
595 2439 723 2481 totius
763 2439 999 2481 christianae
1039 2437 1300 2495 antiquitatis
1339 2436 1452 2478 circa

95 2512 299 2570 Martyres
311 2513 399 2553 solo
415 2524 490 2552 suo
508 2510 711 2565 sanguine
728 2509 977 2568 baptizatos.
994 2509 1045 2551 Et
1062 2517 1177 2551 certe
1200 2523 1253 2550 ne
1272 2507 1451 2549 Ambro-

95 2583 179 2625 sius
203 2583 396 2626 videatur
413 2581 483 2624 hic
505 2581 622 2638 loqui
642 2580 693 2623 ad
714 2581 889 2638 gratiam
907 2614 917 2632 ,
934 2580 1030 2624 vide
1042 2594 1135 2637 quae
1156 2578 1284 2623 tradit
1301 2576 1445 2620 Serm.

240 2667 321 2697 Lxx.
1279 2649 1326 2690 31
