1774 3158
282 188 368 231 320
826 198 858 226 s.
899 197 1093 227 Aunnosn

336 277 456 323 XXI.
494 275 658 329 Quibus
681 275 738 318 illi
778 277 952 326 auditis,
981 275 1171 334 quamvis
1194 275 1272 318 tria
1294 275 1422 318 millia
1446 276 1633 320 virorum

283 350 582 397 ascenderant,
603 356 917 390 sacramentum
942 349 1151 390 dederunt
1177 347 1290 404 quod
1316 361 1335 388 a
1363 362 1407 390 se
1428 347 1521 390 vitae
1544 348 1634 405 ejus

282 421 341 463 vis
376 421 489 461 nulla
527 419 810 475 irrogaretur3
846 418 1140 460 tantummodo
1175 417 1336 474 patiens
1371 417 1636 459 vinculorum

282 498 412 538 esset,
436 498 482 531 ut
519 488 777 530 deditionem
814 487 904 544 ejus
941 494 1186 544 patrarent,
1219 501 1302 543 quo
1336 486 1456 529 vacui
1487 485 1638 529 fierent

286 560 399 617 ejus,
425 558 546 614 cujus
572 558 879 615 arguebantur,
901 556 1113 598 facinoris.

346 629 487 673 XXII.
525 628 709 685 Accepta
737 627 878 683 itaque
901 626 1005 674 fide,
1037 626 1188 682 spelaeo
1220 640 1431 682 egressus,
1457 625 1640 667 desernit

284 708 411 757 petrae
431 697 733 740 munitionem¹
766 712 775 738 :
803 712 850 739 ac
869 697 1034 738 duobus
1058 698 1232 736 innexus
1256 695 1448 743 funibus,
1475 695 1547 736 ubi
1566 710 1640 751 ap-

286 770 571 828 propinquare
604 767 761 809 accitos
789 768 841 808 ad
864 766 1176 823 suscipiendum
1199 766 1516 807 Palaestinorum
1538 765 1641 807 vali-

287 843 361 886 dos
383 841 518 890 videt,
544 838 762 880 infremuit
782 837 929 894 spiritu
945 869 957 884 ,
985 846 1027 878 et
1047 836 1240 877 universa
1270 836 1426 893 dirupit
1448 836 1637 882 vincula3

286 920 412 966 atque
441 908 643 965 arripiens
671 907 882 949 maxillam
911 906 1014 948 asini
1038 906 1250 961 jacentem
1268 939 1277 953 ‚
1302 906 1507 962 percussit
1528 905 1641 947 mille

285 980 394 1020 viros
409 1011 419 1027 ,
438 977 595 1034 fugavit
619 977 719 1018 alios
741 976 887 1031 grandi
903 975 1067 1017 virtutis
1085 977 1351 1032 spectaculo;
1377 989 1474 1016 cum
1492 974 1642 1017 inermi

285 1057 326 1090 et
345 1048 416 1088 uni
439 1046 637 1088 cederent
655 1053 912 1086 armatorum
939 1045 1105 1101 agmina
1125 1077 1134 1092 ,
1155 1054 1196 1085 et
1229 1045 1299 1100 qui
1329 1046 1519 1086 cominus
1555 1045 1640 1086 ausi

287 1117 452 1159 fuerant
476 1114 700 1172 congredi,
723 1114 831 1155 sacili
859 1114 1049 1170 negotiO,
1072 1115 1188 1155 nullo
1207 1115 1351 1156 labore
1375 1114 1640 1162 obtruncati3

288 1188 375 1229 aliis
401 1186 497 1243 fuga
519 1185 691 1227 exitium
717 1184 910 1240 dempsit.
931 1184 1050 1225 [nde
1072 1183 1284 1239 hodieque
1306 1184 1424 1241 Agon
1447 1185 1540 1225 loco
1566 1198 1644 1225 no-

285 1272 381 1299 men
412 1265 497 1304 est,
535 1255 648 1311 quod
681 1253 738 1294 ibi
776 1253 952 1295 Samson
987 1254 1215 1310 gloriosum
1246 1262 1459 1296 certamen
1489 1254 1643 1296 virtute

287 1327 452 1384 egregia
477 1324 848 1366 consummaverit.

346 1396 505 1439 XXIII.
547 1394 628 1436 Sed
650 1394 810 1434 utinam
828 1408 954 1449 quam
977 1393 1094 1435 sortis
1118 1394 1158 1434 in
1183 1393 1347 1435 hostem
1368 1427 1377 1443 ,
1398 1403 1482 1436 tam
1503 1395 1646 1436 mode·

283 1476 398 1508 ratus
425 1469 465 1507 in
489 1465 661 1507 victoria
686 1456 841 1506 fuisset.
865 1463 1017 1505 Verum
1054 1466 1168 1521 quod
1191 1464 1311 1507 facile
1336 1465 1558 1513 usuvenit,
1586 1465 1645 1506 in-

287 1538 424 1579 solens
453 1550 594 1577 rerum
635 1536 917 1576 secundarum
958 1536 1142 1582 animus,
1171 1535 1242 1590 qui
1273 1536 1418 1577 debuit
1446 1543 1642 1576 eventum

287 1624 438 1668 pugnae
462 1607 601 1648 divino
625 1606 754 1646 favori
780 1613 821 1647 et
855 1605 1047 1661 praesidio
1080 1605 1263 1654 deferre,
1298 1606 1375 1647 sibi
1396 1606 1638 1663 arrogavit,

287 1681 430 1724 dicens
457 1693 497 1719 :«
521 1677 566 1718 ln
585 1676 753 1717 maxilla
778 1674 902 1716 asinae
926 1675 1059 1716 delevi
1094 1675 1210 1716 mille
1231 1675 1356 1717 viros.
1387 1675 1502 1718 »Nec
1530 1691 1644 1718 aram

286 1749 430 1792 statuit
448 1747 557 1794 Deo,
582 1760 662 1786 nec
688 1743 867 1786 hostiam
892 1744 1123 1785 immolavit
1146 1760 1154 1785 :
1187 1745 1259 1786 sed
1281 1746 1493 1803 negligens
1517 1748 1642 1788 sacri-

286 1819 396 1866 ficii,
427 1824 663 1871 assumptor
692 1814 862 1871 gloriae,
891 1823 937 1856 ut
981 1815 1244 1871 triumphum
1282 1831 1402 1857 suum
1437 1826 1642 1874 perpetuo

286 1895 554 1933 consecraret
566 1884 754 1933 nomine,
766 1885 931 1927 vocavit
943 1887 1085 1926 locum
1097 1886 1270 1929 Maxillae
1284 1887 1636 1931 intersectionem.

346 1956 501 2004 XXIV.
537 1956 589 1997 Et
610 1970 708 1996 mox
731 1955 796 1996 siti
831 1955 1012 2012 graviter
1041 1956 1168 2013 coepit
1191 1956 1479 2007 inardescere,
1509 1967 1550 1999 et
1574 1973 1642 2015 po-

285 2039 351 2073 tus
376 2030 543 2075 deerat,
569 2039 647 2066 nec
674 2024 760 2081 jam
791 2024 898 2067 serre
927 2040 974 2067 ac
1007 2026 1187 2067 tolerare
1211 2035 1387 2082 poterat.
1418 2028 1536 2069 Unde
1572 2028 1641 2068 in-

284 2099 474 2155 telligens
497 2095 612 2151 quod
647 2093 752 2134 nihil
778 2102 863 2135 tam
886 2094 1008 2136 facile
1035 2103 1143 2136 esset
1167 2095 1362 2137 humanae
1386 2096 1476 2154 opis
1493 2129 1502 2145 ,
1527 2097 1641 2153 quod

285 2171 374 2212 sine
392 2167 532 2210 divino
554 2163 800 2219 adjumento
817 2179 902 2205 non
925 2163 1096 2206 difficile
1113 2165 1236 2212 soret,
1250 2167 1498 2209 exclamavit
1516 2177 1640 2225 atque

284 2236 545 2283 obsecravit,
570 2249 622 2275 ne
642 2233 720 2274 sibi
739 2235 852 2275 Deus
871 2235 1136 2290 omnipotens
1150 2235 1191 2275 in
1209 2234 1411 2278 offensam
1431 2246 1637 2287 verteret,

283 2308 401 2368 quod
429 2305 719 2363 imprudenter
750 2304 920 2346 incauto
954 2319 1149 2346 sermone
1171 2306 1249 2346 sibi
1279 2307 1435 2363 aliquid
1461 2308 1638 2365 assigna-

282 2383 419 2424 visset.
449 2374 693 2428 Quinetiam
720 2373 834 2416 illam
857 2375 1077 2416 victoriam
1100 2374 1188 2417 Deo
1214 2376 1443 2432 deputabat
1460 2377 1603 2419 dicens
1623 2392 1634 2420 :

294 2470 310 2492 α
330 2451 393 2494 Τι]
418 2444 567 2491 dedisti
590 2444 633 2486 in
656 2458 786 2486 manu
808 2444 916 2487 servi
935 2444 995 2487 tui
1019 2445 1197 2487 salutem
1222 2459 1418 2502 magnam
1435 2446 1545 2490 hanc
1560 2479 1571 2497 ‚
1595 2455 1638 2491 et

327 2549 336 2565 ¹
359 2539 466 2573 Judic.
480 2547 533 2578 xv,
552 2536 603 2575 ιδ,
618 2540 649 2569 et
662 2545 750 2579 seqq.
