1774 3158
356 255 370 280 1
387 254 432 281 12
907 251 938 279 S·
979 252 1170 280 AMBnosu

350 328 491 372 deficit
507 326 814 370 mixto.Venter
830 341 997 385 quoque
1017 329 1108 385 ejus
1132 344 1216 371 11011
1239 329 1375 370 solum
1397 329 1566 385 justitiae
1586 330 1698 372 velut

348 399 624 441 frumentario
647 398 741 440 cibo
765 399 1020 455 replebatur,
1036 401 1106 441 sed
1117 400 1242 441 etiam
1259 399 1390 457 gratia
1412 399 1699 456 suavitateque

351 469 527 510 florebat
548 469 656 510 sicut
675 468 822 511 lilium.
843 465 1001 511 'Cet-vix
1023 484 1191 526 quoque
1210 470 1300 525 ejus
1315 470 1492 512 candida
1514 478 1556 512 et
1576 486 1696 527 pura,

349 538 447 595 jugo
476 537 630 579 Christi
653 546 802 594 sponte
828 538 1041 594 subjecta,
1083 539 1360 596 cogitationes
1396 539 1666 581 rationabiles
1688 572 1697 588 ,

351 609 449 650 fidei
483 610 604 657 odor,
643 609 975 651 circumcisionis
1007 610 1211 657 attentio,
1253 618 1424 651 ornatus
1448 609 1594 666 capitis
1618 611 1702 666 glo-

350 679 503 727 riosus3
529 680 643 734 quod
664 694 747 720 non
772 679 924 735 regalia
942 679 1192 727 diademata,
1211 681 1283 721 sed
1299 679 1510 721 Dominici
1533 679 1701 736 sangui-

350 750 414 792 nis
438 749 613 806 insignia
636 758 903 791 coronarent.

408 820 540 862 LXX.
579 819 729 862 Merito
764 827 962 876 tanquam
990 835 1061 862 rex
1096 819 1261 876 peccati
1287 819 1435 869 victor,
1470 829 1511 863 et
1544 822 1701 863 coelesti

352 904 506 931 corona
534 889 754 930 redimitus
779 890 966 931 ascendit
987 923 996 938 ,
1023 890 1143 945 cujus
1166 889 1313 930 animae
1343 889 1445 931 dicit
1469 890 1578 932 Deus
1606 890 1703 933 Ver-

350 961 452 1001 bum
471 974 480 1000 :
499 977 513 997 11
536 958 673 1011 Quam
697 959 872 1015 pulchra
897 969 938 1001 et
961 960 1095 1002 suavis
1118 960 1226 1001 sacta
1250 975 1316 1007 es,
1343 959 1524 1001 charitas
1540 993 1550 1008 ,
1575 960 1615 1001 in
1636 961 1704 1002 (10-

354 1030 485 1072 »liciis
510 1029 590 1071 tuis
608 1029 618 1049 ¹
642 1030 650 1069 1
675 1047 690 1067 1)
717 1029 900 1071 Pulchra
924 1045 998 1086 per
1031 1030 1194 1070 virtutis
1218 1030 1438 1077 decorem,
1472 1030 1607 1071 suavis
1630 1045 1704 1086 per

352 1120 366 1139 1
382 1099 568 1157 gratiam.
584 1099 763 1140 Procera
777 1099 887 1139 sicut
901 1101 1058 1155 palma,
1074 1113 1165 1154 quae
1177 1097 1380 1139 vincentis
1391 1106 1453 1140 est
1465 1100 1696 1156 praemium.

409 1168 561 1211 LXXI.
579 1167 687 1209 Huic
706 1169 949 1209 ascendenti
963 1169 1109 1209 animae
1127 1167 1487 1210 Gratianussrater
1501 1171 1700 1218 occurrit,

352 1249 393 1282 et
419 1240 663 1296 complexus
685 1253 776 1279 eam
799 1270 809 1286 ‚
837 1238 939 1280 dicit
962 1255 970 1278 :
990 1239 1107 1295 «Ego
1131 1237 1246 1279 fratri
1275 1253 1369 1279 meo
1385 1270 1395 1286 ,
1419 1250 1461 1281 et
1487 1254 1614 1297 super
1636 1254 1703 1280 me

354 1309 600 1352 »conversio
625 1308 742 1365 djus²
765 1325 775 1356 ;
803 1327 817 1347 »
850 1309 915 1350 vel
942 1311 1056 1365 quod
1079 1308 1158 1350 sibi
1181 1323 1276 1349 eum
1307 1309 1448 1365 cupiat
1468 1309 1671 1351 inhaerere
1691 1342 1701 1358 ,

354 1381 418 1421 vel
436 1381 549 1436 quod
573 1379 727 1435 pietate
752 1378 932 1420 fraterna
951 1378 1068 1434 quasi
1091 1379 1317 1419 advocatus
1343 1379 1529 1427 assistat,
1560 1380 1703 1421 dicens

355 1450 675 1493 conversionem
698 1448 788 1505 ejus
809 1449 935 1490 etiam
959 1464 1043 1490 suae
1069 1449 1210 1506 gratiae
1235 1448 1551 1505 praeferendam.

413 1519 590 1562 LXXII.
630 1518 754 1561 «Veni
768 1550 777 1565 ,
798 1519 952 1574 inquit,
974 1519 1103 1560 frater
1120 1535 1255 1566 meus,
1275 1519 1524 1561 exeamusin
1541 1535 1702 1577 agrum,

353 1613 369 1631 n
385 1591 695 1648 requiescamus
714 1590 753 1630 111
772 1589 968 1637 castellis,
988 1589 1173 1632 diluculo
1197 1604 1418 1646 surgamus
1435 1590 1476 1631 111
1493 1590 1694 1638 vineas³30

355 1663 437 1704 hoc
456 1671 548 1710 est,
577 1660 724 1702 venisti
752 1675 800 1701 eo
835 1659 906 1701 ubi
930 1659 1189 1701 diversarum
1214 1660 1419 1701 virtutum
1444 1660 1605 1702 fructus
1628 1677 1702 1718 pro

355 1734 614 1791 singulorum
638 1732 796 1773 meritis
822 1731 1086 1779 deferuntur,
1119 1731 1190 1773 ubi
1217 1732 1434 1773 abundant
1456 1733 1704 1774 meritorum

355 1805 544 1862 praemia.
567 1804 773 1844 Exeamus
796 1817 895 1859 ergo
918 1802 959 1843 111
984 1817 1152 1859 agrum,
1179 1802 1220 1843 in
1244 1816 1327 1858 quo
1350 1816 1438 1843 non
1468 1817 1625 1844 vacuus
1645 1804 1705 1844 la-

360 1877 449 1923 bor,
481 1875 554 1915 sed
576 1873 799 1915 soecundus
824 1881 1052 1929 proventus
1070 1882 1132 1915 est
1153 1873 1394 1930 gratiarum.
1425 1872 1549 1923 Quod
1567 1872 1604 1913 in
1621 1881 1706 1913 ter-

356 1946 411 1987 ris
439 1945 672 1992 seminasti,
700 1944 768 1985 hic
793 1952 904 1985 mete
931 1959 939 1984 :
968 1945 1080 1999 quod
1111 1943 1167 1984 ibi
1190 1942 1400 2000 sparsisti,
1432 1942 1501 1984 hic
1537 1942 1699 1999 collige.

357 2016 441 2058 Aut
465 2023 579 2057 certe
601 2013 696 2056 veni
719 2014 760 2055 in
784 2013 902 2055 illum
929 2028 1099 2069 agrum,
1125 2013 1195 2069 qui
1224 2021 1286 2053 est
1308 2013 1414 2054 odor
1434 2012 1591 2060 Jacob,
1624 2013 1704 2054 boc

357 2094 419 2127 est
439 2118 450 2133 ‚
485 2084 580 2126 veni
604 2084 647 2124 in
669 2083 877 2140 gremium
900 2083 1029 2124 Jacob
1046 2117 1055 2131 ,
1082 2091 1127 2123 ut
1150 2083 1257 2123 sicut
1277 2081 1455 2123 Lazarus
1483 2097 1641 2139 pauper
1665 2083 1704 2123 111

358 2154 536 2196 Abrahae
561 2153 653 2195 sinu
671 2186 681 2202 ,
702 2153 756 2194 ita
776 2152 901 2194 etiam
923 2161 966 2194 tu
991 2153 1031 2193 in
1054 2152 1187 2194 Jacob
1206 2151 1456 2209 patriarchae
1473 2153 1707 2209 tranquilli-

359 2234 441 2268 tate
466 2224 676 2281 quieseas3
704 2223 816 2265 sinus
838 2223 949 2264 euim
967 2222 1306 2264 patriarcharum
1330 2236 1517 2264 recessus
1533 2223 1703 2279 quidam

358 2305 420 2338 est
441 2295 590 2352 quietis
617 2293 827 2336 aeternae4.
850 2293 1001 2335 Merito
1020 2307 1118 2350 ergo
1143 2293 1275 2335 Jacob
1303 2307 1399 2349 ager
1428 2301 1490 2335 est
1514 2292 1705 2334 fructuo-

358 2382 442 2414 sus,
465 2366 573 2407 sicut
595 2366 709 2406 Isaac
732 2363 971 2421 patriarcha
995 2372 1167 2405 testatus
1186 2371 1245 2405 est
1263 2364 1404 2405 dicens
1427 2379 1435 2405 :
1454 2381 1468 2401 «
1479 2363 1589 2405 Ecce
1602 2364 1705 2404 odor

358 2456 373 2476 »
389 2437 461 2479 filii
483 2436 588 2484 mei,
613 2444 811 2491 tanquam
835 2437 938 2477 odor
967 2434 1051 2491 agri
1074 2435 1210 2491 pleni,
1237 2449 1361 2490 quem
1390 2433 1604 2477 benedixit
1626 2434 1705 2475 Do-

356 2526 371 2547 »
387 2506 561 2549 minus⁵.
581 2524 595 2545 n

406 2597 413 2611 ·
440 2588 534 2619 Cant.
550 2597 605 2620 vu.
624 2587 653 2619 6.
675 2604 712 2611 —·
740 2596 750 2611 ²
773 2580 860 2619 ibid.
898 2595 944 2619 10.
963 2583 1131 2618 ——311‚id.
1156 2592 1204 2623 11,
1235 2592 1336 2616 11η-
1356 2585 1367 2612 ⁴
1399 2583 1474 2617 Luc.
1505 2593 1570 2624 xvi,
1597 2592 1645 2616 22.
1666 2598 1703 2608 -

358 2643 370 2666 ⁵
390 2643 473 2675 Gen.
488 2650 587 2674 nvn.
