1774 3158
252 261 335 313 47²
756 273 1090 303 mnom'rmmffi.

255 365 325 391 eos
353 350 510 392 nullam
538 351 828 394 auctoritatem
858 354 1093 397 habiturae?
1114 355 1451 411 Scripturarum
1474 354 1598 411 igitur

256 435 400 461 vocem
435 419 627 470 adhibet,
663 430 709 463 ut
740 432 959 467 auctorum
992 425 1076 467 sive
1096 425 1392 482 profanorum,
1421 425 1504 466 sive
1526 424 1602 466 Ec·

257 489 587 531 clesiasticorum
626 492 813 548 designet
853 495 1004 551 scripta
1029 527 1038 542 ‚
1083 510 1215 552 eaque
1255 511 1352 536 cum
1392 495 1604 536 relatione

256 559 429 608 crebra,
455 560 496 602 id
518 569 604 608 est,
634 563 767 604 vocali
799 566 1150 607 sermocinatione
1175 573 1414 622 componat.
1458 565 1603 619 Neque

257 646 356 672 vero
379 631 533 673 mirum
567 632 696 674 videri
724 633 874 682 debet,
906 637 935 676 si
969 636 1177 677 Phoenicis
1207 637 1400 692 exemplo
1428 636 1480 676 ad
1507 648 1606 692 pro-

258 701 439 742 bandam
467 716 691 759 corporum
718 706 1067 748 resurrectionem
1093 706 1154 747 usi
1173 707 1328 748 suerint
1350 715 1509 748 veteres
1535 704 1610 746 Pa-

260 780 357 813 tres.
381 773 679 822 Tertullianus,
701 774 771 815 lib.
793 775 844 815 de
860 776 1057 824 Resurr„
1082 792 1171 834 cap.
1206 778 1268 818 15.
1294 776 1474 834 Cyrillus
1491 775 1603 817 Hier.

262 842 432 884 Catech.
466 845 528 884 18.
560 843 753 885 Clemens
775 845 894 887 Rom.
925 847 1064 903 Epist.
1091 863 1126 895 1,
1147 847 1204 887 ad
1223 846 1411 888 Forinllz.
1433 845 1610 888 Basilius

263 913 390 954 Hom.
417 915 441 954 3
457 946 465 957 .
494 914 541 953 in
567 914 780 957 Heaeaem.
801 916 1058 974 Epiphanius
1079 919 1120 958 ιή
1141 920 1376 967 Αηοοναε.,
1397 932 1513 958 num.
1537 917 1608 962 85,

264 993 305 1024 et
327 984 367 1023 in
391 983 649 1040 Physiolog„
683 1000 773 1041 cap.
820 1003 890 1035 ιι,
925 988 1149 1043 pluresque
1180 987 1270 1033 alii;
1304 1001 1400 1027 nam
1432 1001 1528 1027 cum
1562 986 1613 1026 de

262 1057 409 1096 eadem
451 1071 546 1103 ave,
578 1065 622 1096 ut
653 1062 795 1113 poetas
831 1059 1097 1106 omittamus,
1140 1058 1328 1099 historici
1369 1057 1613 1099 catervatim

265 1126 529 1182 scripserint,
567 1136 611 1167 ut.
646 1137 743 1183 puta
772 1129 1008 1170 Herodotus
1033 1130 1081 1168 in
1100 1128 1315 1185 Euterpe,
1340 1127 1466 1169 Corn.
1493 1126 1616 1169 Taci-

266 1205 356 1240 tus,
385 1198 572 1243 Amml„
595 1197 664 1239 lib.
688 1213 741 1239 Vl.
771 1198 948 1246 Plinius,
977 1200 1048 1240 lib.
1078 1215 1121 1241 11.
1150 1199 1250 1240 Ναί.
1287 1199 1428 1245 ῘΙῐεῐ.,
1454 1212 1543 1254 cap.
1576 1212 1615 1245 2,

266 1268 417 1315 etalii,
448 1284 627 1323 quorum
658 1268 848 1309 nonnulli
875 1269 1002 1310 visam
1026 1269 1149 1309 etiam
1176 1268 1336 1325 signato
1365 1278 1550 1324 tempore
1580 1276 1620 1308 et

270 1337 365 1378 loco
393 1354 482 1379 esse
502 1339 636 1379 testati
660 1347 781 1386 sunt3
802 1340 1032 1395 prudenter
1053 1354 1152 1380 sane
1176 1339 1231 1395 pii
1256 1339 1312 1380 illi
1331 1338 1405 1379 viri
1425 1340 1474 1379 ad
1496 1337 1621 1394 expli-

269 1409 444 1449 candam
469 1411 819 1465 asscrendamque
836 1410 1204 1457 resurrectionem,
1222 1424 1310 1450 rem
1333 1416 1457 1466 captu
1483 1408 1623 1466 impri-

269 1479 346 1520 mis
367 1479 606 1528 difficilem,
641 1482 858 1522 communi
887 1481 1155 1537 persuasione
1185 1481 1242 1522 nti
1272 1481 1508 1522 voluerunt.
1539 1479 1626 1521 Cae-

272 1559 407 1592 terum
430 1550 515 1605 jam
545 1551 585 1592 in
612 1551 847 1592 fabularum
872 1567 1096 1593 numerum
1120 1552 1294 1593 Phoenix
1311 1551 1553 1608 reponitur,
1580 1559 1625 1591 ut

274 1622 413 1662 videre
431 1630 490 1662 est
521 1623 631 1678 apud
654 1623 908 1663 recentiores
937 1623 1163 1678 scriptores
1193 1619 1516 1677 Ornithnlogiae.
1545 1620 1626 1661 Sed

276 1691 377 1732 illud
397 1692 509 1748 apud
529 1707 600 1733 eos
628 1707 647 1732 a
674 1691 812 1733 debita
832 1693 984 1734 sanctis
1008 1692 1200 1734 Patribus
1223 1691 1490 1733 veneratione
1508 1691 1629 1747 plane

278 1764 457 1804 alienum
474 1796 484 1812 ,
510 1765 622 1819 quod
641 1780 711 1805 eos
734 1763 805 1819 qui
838 1765 1012 1805 credent
1037 1764 1278 1805 Phaenicem
1307 1763 1505 1810 existere,
1534 1777 1629 1802 cou-

277 1842 335 1875 tra
358 1834 584 1891 Scripturae
604 1834 898 1876 auctoritatem
921 1835 1077 1875 sentire
1101 1834 1389 1892 pronuntiant.

656 2002 900 2030 ANNOTATIO
935 1988 1027 2046 (19)
1063 2004 1153 2046 pag.
1192 1989 1261 2029 55.

339 2144 499 2185 Eodem
525 2158 647 2184 sensu
670 2143 740 2185 hic
764 2144 878 2199 loqui
902 2144 1065 2185 videtur
1090 2144 1340 2186 Ambrosius
1372 2152 1529 2193 noster,
1554 2159 1638 2200 quo

281 2213 448 2271 scripsit
469 2214 753 2272 Augustinus,
787 2215 859 2256 lib.
898 2230 974 2263 xx,
1005 2214 1056 2255 de
1091 2214 1225 2257 Civic.
1254 2215 1358 2264 Dei,
1382 2229 1471 2272 cap.
1503 2231 1543 2270 7,
1563 2223 1641 2255 auc

281 2296 395 2326 certe
411 2285 533 2326 mille
564 2301 701 2327 annos
727 2300 809 2341 pro
838 2286 973 2326 annis
997 2285 1201 2327 omnibus
1225 2285 1356 2341 hujus
1385 2285 1535 2327 saeculi
1561 2300 1641 2340 po-

282 2358 382 2404 sui;
418 2367 463 2397 ιιι
485 2359 673 2413 per-fecto
705 2371 886 2398 numero
916 2367 1144 2397 notaretur
1176 2357 1268 2413 ipsa
1287 2356 1490 2412 temporis
1503 2355 1643 2412 pleni-

285 2428 401 2469 tudo.
429 2427 558 2469 Favet
575 2428 745 2484 quidem
771 2428 869 2469 huic
887 2427 1152 2484 expositioni,
1170 2428 1283 2483 quod
1303 2427 1406 2468 infra
1426 2441 1544 2468 num.
1567 2426 1640 2475 65,

283 2499 509 2552 subjicitur
530 2515 538 2540 ε
564 2499 730 2542 Mundi
751 2510 945 2556 tempora
965 2514 1111 2540 annus
1131 2513 1241 2539 unas
1263 2508 1322 2540 ost
1341 2531 1351 2546 ‚
1375 2505 1455 2539 etc.
1485 2496 1527 2539 Si
1551 2496 1643 2553 quis

286 2577 426 2611 tamen
463 2569 580 2611 malit
616 2570 654 2611 in
696 2570 894 2627 opinione
927 2569 1222 2612 chiliastarum
1257 2567 1347 2610 haec
1383 2567 1494 2610 dicta
1527 2582 1642 2616 esse,
