1774 3158
478 244 761 273 EPISTOLARUM
793 244 949 272 CLASSIS
983 246 1009 273 1.
1357 236 1435 276 281

94 325 186 366 cula
200 357 211 373 ,
238 331 279 365 et
300 337 426 380 opera
449 322 754 378 Prophetarum
771 355 781 370 ‚
803 336 894 377 quae
908 322 1172 377 legebamus,
1193 324 1439 382 aspeximus.

94 394 222 447 Quasi
243 394 403 435 Eliseus
436 393 545 434 inter
563 407 675 434 arma
691 425 701 441 ‚
727 391 835 433 inter
859 392 967 433 acies
986 424 995 440 ,
1020 394 1119 434 dum
1146 395 1272 445 vixit,
1310 409 1446 438 versa-

94 472 160 506 tus
183 472 272 511 est,
297 462 457 504 meritis
481 462 564 503 suis
588 476 845 519 componens
864 462 1020 518 praelia.
1038 463 1228 520 Denique
1245 467 1316 508 ubi
1332 482 1447 509 sccu-

93 535 192 576 ritas
231 533 569 575 cohabitantibus
601 532 765 574 reddita
796 540 884 580 est,
911 532 1025 588 quod
1062 533 1150 589 ipso
1183 535 1260 576 suit
1303 537 1446 578 durius

93 606 230 653 bello,
257 612 450 646 sanctum
469 602 676 644 exhalavit
698 601 906 658 spiritum.
945 602 1074 653 Quasi
1103 604 1212 645 Elias
1242 621 1374 661 usque
1398 608 1449 649 ad

94 675 248 716 coelum
272 675 456 716 elevatus
477 672 583 721 esth
605 687 688 714 non
714 686 840 713 curru
858 671 1028 727 quidem
1056 672 1178 729 igneo
1195 706 1205 721 ,
1231 689 1309 716 nec
1331 675 1447 730 equis

94 744 222 801 igneis
243 775 252 792 ,
289 744 366 785 nisi
391 743 496 784 forte
516 743 582 783 illa
606 756 690 783 non
729 741 933 790 vidimus,
974 756 1054 783 nec
1087 742 1128 783 in
1162 745 1447 786 commotione

97 813 198 854 aeris
221 828 230 853 ε
255 813 385 854 sedin
403 813 618 854 voluntate
635 821 675 853 et
693 811 934 868 placiditate
957 811 1033 853 Dei
1053 812 1208 860 nostri,
1228 821 1270 854 et
1285 823 1446 855 sancto-

93 896 188 923 rum
210 882 470 938 Angelorum
488 881 655 930 laetitia,
687 882 758 938 qui
777 882 827 922 ad
848 896 890 923 se
914 890 1077 924 tantum
1097 882 1230 924 virum
1253 883 1448 926 transisse

94 952 429 1008 gratulabantur.

153 1019 226 1062 IX.
268 1020 392 1062 Certe
410 1020 604 1063 dubitare
623 1020 691 1062 illa
711 1035 975 1077 nequaquam
995 1036 1215 1078 possumus
1230 1056 1240 1072 ,
1263 1025 1450 1079 quando-

95 1089 265 1145 quidem
288 1090 448 1146 reliqua
475 1099 777 1147 congruerunt.
805 1091 1023 1147 Siquidem
1040 1095 1189 1135 eodem
1207 1103 1446 1143 momento,

96 1175 178 1216 quo
211 1160 280 1202 ille
301 1160 441 1202 adhuc
478 1161 748 1211 elevabatur,
775 1162 889 1203 velut
926 1164 1107 1218 quodam
1131 1164 1340 1206 melotidis
1365 1179 1447 1206 susc

103 1231 217 1286 (105)
243 1230 410 1273 dimisso
433 1231 811 1279 amictu,sanctum
826 1232 1031 1289 Anysium
1055 1233 1306 1291 discipulum
1324 1249 1447 1276 suum

95 1300 254 1349 induit,
279 1309 320 1343 et
339 1302 402 1343 sui
430 1302 592 1344 vestivit
610 1301 748 1344 infulis
773 1303 996 1345 sacerdotii
1018 1319 1026 1344 τ
1048 1304 1168 1359 cujus
1190 1305 1386 1347 meritum
1406 1314 1448 1348 ct

97 1371 270 1427 gratiam
295 1386 380 1413 non
406 1387 520 1414 nunc
547 1372 732 1429 primum
756 1373 902 1421 audio,
928 1388 1007 1415 nec
1031 1374 1070 1415 in
1100 1375 1244 1417 vestris
1264 1375 1449 1432 epistolis

97 1442 247 1491 didici,
283 1443 416 1485 sedin
441 1444 588 1486 vestris
618 1445 768 1487 litteris
793 1445 1034 1501 recognovi.
1061 1445 1164 1488 Nam
1187 1447 1303 1502 quasi
1327 1461 1449 1503 praes-

97 1511 185 1553 cius
207 1526 501 1555 successurum
523 1513 600 1556 sibi
618 1546 629 1563 ,
648 1523 689 1556 et
714 1514 745 1555 si
767 1514 982 1570 promissis
1004 1515 1198 1571 tegebat,
1228 1523 1368 1557 tamen
1386 1516 1446 1557 in-

99 1581 217 1623 diciis
241 1582 485 1639 designabat
501 1615 510 1631 ,
549 1583 741 1639 adjutum
761 1599 804 1625 se
826 1584 916 1640 ejus
939 1598 1065 1634 cura,
1096 1585 1267 1634 labore,
1308 1584 1447 1627 officio

97 1666 360 1701 memorans;
398 1663 443 1695 ut
468 1653 553 1710 jam
585 1655 799 1696 declarare
829 1662 1068 1696 consortem
1097 1655 1330 1703 videretur,
1378 1656 1449 1711 qui

99 1736 186 1764 non
221 1723 337 1779 quasi
359 1737 492 1765 novus
539 1725 591 1765 ad
621 1739 834 1766 summum
864 1724 1146 1766 sacerdotium
1170 1725 1357 1772 veniret,
1380 1727 1454 1767 sed

98 1792 213 1849 quasi
257 1800 375 1833 vetus
404 1793 630 1835 sacerdotii
655 1802 856 1837 executor
891 1795 1124 1836 accederet.
1161 1794 1239 1836 Cui
1275 1796 1452 1852 pulchre

98 1862 294 1903 convenit
317 1862 476 1904 dictum
502 1864 606 1904 illud
620 1864 920 1921 Evangelicum
939 1878 947 1904 :
965 1864 1114 1921 «Euge,
1140 1879 1257 1906 serve
1276 1865 1388 1907 bone
1408 1874 1451 1907 et

99 1949 114 1970 »
130 1931 285 1979 fidelis,
312 1933 511 1988 quoniam
530 1948 657 1991 super
673 1949 806 1990 pauca
833 1933 968 1976 fidelis
988 1934 1124 1983 suisti,
1162 1949 1289 1991 super
1320 1936 1453 1977 multa

99 2012 169 2046 »te
191 2003 486 2046 constituan12.
507 2023 523 2043 »

155 2074 211 2116 X.
247 2074 343 2115 Haec
366 2073 468 2115 mihi
496 2074 546 2115 de
569 2082 714 2116 sancto
737 2074 917 2119 Acholio
941 2075 1164 2117 vobiscum
1183 2076 1446 2118 communia:

100 2144 203 2186 illud
223 2152 360 2185 tamen
380 2144 559 2200 speciale
576 2177 587 2192 ,
610 2145 722 2200 quod
742 2145 962 2187 devinctus
980 2160 1072 2186 sum
1089 2145 1221 2187 beatae
1238 2146 1452 2188 memoriae

99 2215 211 2263 viro3
238 2215 332 2271 quia
357 2215 503 2257 tribuit
527 2215 652 2263 mihi,
675 2224 829 2257 uteum
848 2231 932 2258 non
952 2216 1202 2273 ignorarem.
1228 2216 1332 2258 Nam
1353 2231 1450 2259 cum

99 2301 148 2327 eo
171 2286 367 2328 veniente
391 2286 442 2326 ad
467 2286 626 2327 Italiam
641 2318 651 2334 ,
677 2286 925 2343 aegritudine
948 2287 1167 2328 consectus
1186 2295 1354 2328 tenerer
1369 2321 1378 2336 ‚
1406 2297 1452 2330 ut

99 2371 183 2397 non
207 2371 372 2412 possem
392 2370 618 2397 occurrere
634 2388 644 2404 ,
671 2356 759 2413 ipse
781 2358 832 2398 ad
856 2373 923 2398 me
944 2357 1058 2399 venit
1077 2366 1117 2398 et
1138 2357 1331 2401 visitavit.
1356 2358 1452 2409 Quo

100 2426 238 2468 studio
256 2460 266 2476 ,
286 2441 368 2483 quo
398 2425 552 2468 ass'ectu
569 2426 655 2484 ipse
681 2427 722 2468 in
745 2443 835 2475 me,
866 2437 907 2469 et
935 2444 1010 2485 ego
1037 2428 1078 2469 in
1102 2443 1198 2470 eum
1223 2428 1447 2471 irruimus!

102 2497 197 2548 Quo
215 2496 374 2553 gemitu
397 2497 506 2538 mala
527 2496 643 2538 istius
661 2497 826 2547 saeculi,
851 2507 892 2541 et
917 2513 963 2541 ea
986 2512 1077 2555 quae
1099 2498 1168 2541 hie
1192 2498 1453 2548 acciderent,

148 2596 156 2609 ¹
178 2586 194 2624 4
212 2586 292 2629 Reg.
310 2598 344 2625 n,
366 2598 414 2622 ιι.
431 2605 471 2612 -
488 2597 500 2612 2
519 2587 639 2622 Matth.
656 2598 728 2627 ην,
749 2588 800 2622 23.
