1774 3158
281 217 334 243 20
833 210 865 240 ὅ,
904 210 1096 240 Annnosu

280 293 466 335 curiosos
490 292 632 333 oculos
659 289 830 331 inferret
859 290 1043 337 arcanis,
1077 290 1151 331 sed
1175 297 1218 331 ut
1244 287 1341 331 fidei
1370 303 1453 330 suae
1478 302 1628 330 conse-

279 370 479 418 queretur
511 359 723 402 auxilium.
759 359 922 400 Etenim
951 359 1069 415 ligari
1104 359 1201 401 fecit
1231 360 1271 400 in
1302 358 1437 400 orario
1471 359 1554 415 (8),
1587 365 1629 398 et

278 432 460 474 orarium
487 430 658 472 involvit
678 430 802 477 coilo,
832 437 955 484 atque
978 430 1032 470 ita
1055 444 1098 470 se
1125 428 1279 485 dejecit
1310 428 1351 469 in
1379 442 1510 476 mare,
1545 442 1627 468 non

274 501 491 556 requirens
512 502 563 542 de
581 499 696 541 navis
711 514 914 555 compage
931 499 1156 540 resolutam
1173 499 1373 548 tabulam,
1397 498 1464 539 cui
1483 512 1629 554 super-

276 579 423 610 natans
452 569 688 626 juvaretur,
722 568 919 624 quoniam
954 566 1050 608 fidei
1083 567 1210 609 solius
1245 583 1359 609 arina
1393 567 1624 624 quaesierat.

277 639 424 695 Itaque
446 639 508 680 his
540 654 582 680 se
613 646 771 680 tectum
805 645 928 693 atque
960 637 1170 678 munitum
1203 637 1300 679 satis
1333 638 1525 685 credens,
1553 636 1630 678 alia

278 709 427 750 auxilia
451 724 535 750 non
558 707 823 750 desideravit.

334 778 480 819 XLIV.
520 778 655 817 Simul
677 776 966 818 fortitudinem
990 777 1081 833 ejus
1113 784 1302 834 spectare
1324 776 1446 825 licet,
1476 775 1547 832 qni
1577 774 1632 816 sa-

275 847 452 889 tiscente
477 846 669 903 remigio,
693 861 776 887 non
799 847 916 902 quasi
939 846 1164 904 naufragus
1182 847 1368 889 tabulam
1386 844 1626 904 sumpserit,

274 919 349 960 sed
377 918 492 974 quasi
523 917 639 958 sortis
661 932 713 958 ex
739 932 782 958 se
804 917 892 973 ipso
924 916 1227 958 adminiculum
1254 932 1337 958 suae
1367 916 1532 958 virtutis
1565 929 1631 957 as·
1682 946 1684 948 v

274 988 616 1043 sumpserit:nec
646 987 830 1029 deseruit
852 1002 960 1044 spes,
988 1001 1065 1028 nee
1086 987 1231 1029 fefellit
1254 986 1408 1044 opinio.
1440 986 1631 1042 Denique

276 1059 438 1116 primus
459 1067 645 1099 servatus
671 1073 721 1099 ex
751 1058 890 1106 undis,
918 1067 958 1099 et
982 1058 1021 1099 in
1044 1067 1214 1115 portum
1243 1066 1418 1101 terrenae
1444 1056 1631 1100 stationis

271 1136 459 1173 evectus,
484 1129 707 1184 praesulem
733 1142 876 1175 suum,
907 1127 974 1168 cui
1006 1143 1049 1169 se
1080 1129 1333 1177 crediderat,
1360 1127 1627 1185 recognovit:

275 1198 500 1253 statimque
523 1197 595 1238 ubi
618 1198 743 1238 etiam
764 1205 934 1239 caeteros
953 1199 1139 1239 servulos
1161 1213 1255 1240 suos
1275 1199 1339 1240 vel
1361 1198 1448 1254 ipse
1473 1197 1632 1239 libera—

277 1269 361 1317 vit,
398 1270 463 1310 vel
496 1269 694 1309 liberatos
726 1268 957 1324 comperit,
995 1269 1208 1325 negligens
1244 1268 1517 1316 facultatum,
1554 1281 1632 1309 nec

279 1339 428 1381 amissa
457 1339 723 1385 desiderans3
759 1338 834 1379 Dei
869 1338 1102 1379 Ecclesiam
1139 1338 1379 1394 requisivit;
1412 1346 1458 1379 ut
1493 1343 1632 1394 ageret

276 1409 429 1466 gratias
447 1408 665 1455 liberatus,
689 1416 730 1448 et
749 1407 945 1463 mysteria
964 1416 1116 1449 aeterna
1137 1411 1425 1464 cognosceret,
1448 1420 1630 1464 pronun·

277 1480 384 1522 tians
406 1480 569 1520 nullum
597 1477 815 1519 reserenda
846 1477 976 1535 gratia
1006 1477 1141 1534 majus
1165 1493 1254 1519 esse
1277 1476 1475 1519 officium.
1506 1476 1634 1527 Quod

277 1551 309 1593 si
340 1550 502 1593 homini
530 1564 614 1591 non
647 1548 819 1597 referre,
853 1548 986 1589 simile
1019 1548 1249 1590 homicidio
1281 1548 1516 1605 judicatum
1546 1554 1630 1595 θεὶς

280 1629 485 1677 quantuni
510 1620 671 1661 crimen
702 1627 763 1659 est
790 1633 872 1660 non
895 1618 1049 1659 referre
1073 1618 1194 1660 Deo?

338 1689 468 1733 XLV.
505 1690 578 1731 Est
599 1705 697 1746 ergo
714 1689 934 1746 prudentis
955 1704 1179 1746 agnoscere
1201 1705 1243 1730 se
1263 1689 1415 1746 ipsum,
1435 1697 1475 1731 et
1492 1703 1634 1745 quem-

283 1763 511 1804 admodum
528 1777 548 1802 a
566 1762 825 1818 sapientibus
850 1760 1069 1802 definitum
1093 1770 1166 1810 est,
1191 1763 1419 1804 secundum
1439 1769 1632 1803 naturam

276 1833 429 1874 vivere.
455 1831 567 1883 Quid
586 1832 697 1873 enini
720 1839 781 1872 est
810 1840 893 1872 mn
916 1833 1151 1873 secundun}
1182 1841 1394 1880 naturam,
1419 1847 1544 1888 quam
1564 1847 1635 1872 re-

280 1901 388 1943 ferre
412 1902 573 1942 auctori
599 1901 806 1958 gratiam?
830 1901 982 1958 Aspice
1007 1904 1159 1944 coelum
1183 1902 1279 1949 hoc,
1303 1917 1443 1943 nonne
1472 1899 1633 1944 auctori

277 1972 406 2013 refert
422 1971 613 2027 gratiani,
638 1986 734 2012 cuin
756 1972 979 2012 videtur‘P«
1000 1971 1105 2013 Coeli
1123 1973 1234 2013 enim
1248 1971 1633 2028 enam-antgloriam

280 2042 410 2090 »Dei‚
435 2051 476 2083 et
498 2057 622 2098 opera
647 2056 847 2082 manuum
874 2041 964 2097 ejus
988 2042 1208 2083 animntiat
1230 2041 1586 2084 firmamentnm'.
1607 2059 1622 2079 »

275 2112 387 2154 Mare
412 2112 546 2168 ipsum
571 2126 667 2152 cum
694 2111 885 2152 sedatum
913 2120 1037 2167 atque
1067 2112 1338 2168 tranquillum
1368 2121 1447 2161 est,
1485 2112 1633 2154 divina:

279 2181 513 2223 serenitatis
548 2189 725 2222 testatur
760 2181 962 2222 indicium
989 2196 997 2222 ε
1022 2173 1118 2222 cum
1157 2190 1372 2230 movetur,
1403 2181 1632 2238 indignatio

281 2267 462 2308 superna
487 2252 637 2293 terrori
661 2260 736 2292 est.
765 2251 913 2293 Nonne
935 2266 1078 2293 omnes
1099 2252 1174 2293 Dei
1199 2251 1372 2307 gratiam
1391 2251 1483 2307 jure
1505 2252 1635 2293 mira·

279 2336 391 2369 mur,
428 2337 523 2362 cum
558 2322 811 2363 advertimus
844 2322 956 2378 quod
988 2322 1239 2363 insensibilis
1272 2331 1420 2365 natura
1453 2323 1632 2379 quadam

279 2392 464 2434 sensibili
488 2391 650 2434 ratione
673 2407 768 2433 suos
790 2391 944 2434 fluctus
969 2395 1180 2442 coerceat,
1204 2401 1244 2434 et
1267 2392 1369 2434 fines
1397 2408 1493 2435 suos
1521 2393 1633 2434 unda

282 2462 537 2518 cognoscat?
569 2461 673 2504 Nam
703 2463 752 2504 de
781 2462 902 2504 terris
925 2462 1025 2519 quid
1054 2464 1216 2519 loquar,
1252 2479 1343 2520 quae
1373 2463 1509 2506 divino
1537 2463 1625 2505 obc-

322 2552 332 2576 γ’
356 2551 439 2585 Paul.
462 2562 555 2590 xxiii,
578 2562 608 2584 2.
