1774 3158
488 296 774 327 EPISTOLARUM
806 296 966 325 cussus
1000 296 1028 323 1.
1371 283 1456 337 427

161 379 230 422 VI.
268 378 466 436 Eaigitur
482 377 612 435 gratia
636 377 899 433 depraedatus
918 384 981 417 est
1002 374 1219 431 perdicem
1238 374 1354 416 illum
1376 374 1461 416 dia-

98 449 244 491 bolum
261 482 272 498 ,
292 448 462 490 abstulit
479 447 516 488 ei
540 447 647 488 male
671 453 944 502 congregatas
967 445 1130 486 divitias
1152 445 1434 487 multitudinis
1450 477 1460 492 ,

98 518 307 559 revocavit
329 518 379 558 ab
397 531 542 558 errore
568 516 725 556 animas
743 515 931 571 gentium
944 547 954 566 ,
973 523 1223 570 mentesque
1241 516 1459 556 nationum

99 588 367 629 deviantium.
386 587 437 629 Et
461 586 557 643 quia
581 586 735 628 diaboli
759 600 862 628 voce
881 587 1082 641 deceptos
1104 585 1264 627 sciebat
1280 618 1290 633 ,
1310 593 1351 626 et
1370 585 1459 641 ipse

99 667 147 700 ut
182 659 347 700 vincula
389 672 607 714 nexusque
644 656 793 698 veteris
836 655 990 697 erroris
1023 657 1230 704 solveret,
1262 655 1458 697 clamavit

99 729 281 785 primum
306 729 346 770 in
368 729 504 776 Abel,
530 727 652 783 cujus
676 726 870 768 clamavit
894 741 974 767 vox
996 725 1250 782 sanguinis¹.
1285 726 1452 767 Clama-

101 799 160 840 vit
181 800 222 840 in
239 800 389 846 Messe,
416 798 482 839 cui
507 798 609 839 dixit
629 812 638 839 :
657 815 670 835 «
690 796 803 848 Quid
823 797 976 838 clamas
998 796 1051 837 ad
1072 810 1140 837 me
1157 794 1170 815 ²
1189 795 1207 836 9
1227 815 1242 833 »
1259 794 1464 836 Clamavit

99 866 141 911 in
172 869 272 911 Jesu
293 868 447 911 Nave³.
480 868 683 910 Clamavit
706 868 746 909 in
767 867 925 916 David,
952 867 1023 922 qui
1047 866 1104 907 ait
1127 882 1170 907 :a
1193 866 1379 908 Clamavi
1409 867 1460 907 ad

99 957 115 978 n
131 948 189 987 te,
217 940 326 981 salva
348 954 416 980 me
431 939 460 980 ⁶.
487 937 720 979 »Clamavit
742 947 783 979 et
807 938 846 978 in
867 937 1062 979 omnibus
1083 936 1318 993 Prophetis,
1341 936 1461 979 Unde

99 1018 140 1051 et
183 1010 236 1051 ad
263 1010 424 1051 Esaiam
456 1008 559 1050 dicit
589 1023 598 1049 ε
629 1008 795 1055 Clama3
824 1016 866 1049 et
896 1009 963 1049 ille
1001 1007 1088 1049 ait-⁴:
1119 1026 1134 1044 «
1162 1007 1277 1060 Quid
1304 1009 1463 1049 clama-

100 1078 209 1120 »bo⁵
232 1080 247 1120 Ρ
267 1098 280 1117 υ
308 1079 514 1120 Clamavit
537 1079 578 1119 in
596 1078 841 1126 Salomone,
865 1092 1103 1120 convocans
1134 1092 1232 1118 cum
1264 1077 1460 1118 altissima

103 1148 400 1205 praedicatione
423 1148 622 1205 sapientia
651 1164 659 1190 :
689 1147 874 1191 «Venite
890 1180 899 1196 ,
922 1147 1034 1189 edite
1055 1148 1106 1189 de
1127 1147 1231 1189 meis
1250 1147 1428 1204 panibus
1446 1179 1456 1195 ,

103 1227 174 1259 »et
191 1218 322 1260 bibite
345 1218 490 1260 vinum
512 1220 625 1275 quod
643 1218 792 1260 miscui
815 1217 974 1261 vobis⁶.
1005 1237 1022 1256 a
1037 1218 1242 1259 Clamavit
1264 1217 1390 1259 etiam
1420 1218 1463 1259 in

101 1302 279 1344 corpore
302 1302 402 1335 suo,
428 1288 537 1329 sicut
561 1289 794 1330 scarabaeus
819 1288 859 1329 in
883 1287 1038 1345 ligno⁷.
1070 1287 1274 1329 Clamavit
1297 1297 1342 1329 nt
1358 1287 1464 1328 insi-

104 1357 308 1399 diatorem
335 1356 496 1398 falleret
513 1366 554 1398 et
576 1358 905 1399 circumveniret
921 1390 930 1404 ,
957 1358 1103 1399 dicens
1126 1373 1167 1397 z«
1188 1357 1299 1399 Deus
1319 1390 1329 1405 ‚
1351 1356 1465 1398 Deus

108 1445 123 1466 n
138 1442 278 1477 meus,
314 1442 444 1484 quare
466 1442 532 1468 me
557 1427 814 1484 dereliquisti
829 1427 859 1469 ⁸.
876 1446 891 1466 1)
907 1427 1112 1469 Clamavit
1131 1435 1177 1468 ut
1206 1426 1462 1483 dispoliaret,

108 1499 367 1554 respondens
404 1497 556 1539 latroni
584 1512 627 1538 z«
648 1497 784 1540 Amen
801 1530 811 1545 ,
835 1513 957 1539 amen
985 1498 1079 1539 dico
1105 1496 1179 1539 tibi
1195 1530 1205 1545 ,
1233 1497 1361 1539 hodie
1383 1511 1470 1537 me-

109 1582 237 1608 »cum
259 1567 340 1609 eris
364 1566 402 1608 in
422 1567 657 1623 paradiso⁹.
678 1568 853 1623 »Itaque
874 1566 945 1607 ubi
971 1567 1166 1607 clamavit
1185 1565 1308 1607 «Iesus
1324 1600 1332 1613 ‚
1362 1581 1467 1607 con-

113 1637 232 1679 tinuo
255 1637 403 1694 perdix
423 1637 491 1678 ille
510 1653 530 1677 a
555 1637 818 1694 congregatis
846 1636 884 1677 in
911 1636 1085 1678 dimidio
1108 1636 1270 1677 dierum
1296 1651 1468 1677 suorum

112 1708 337 1750 derelictus
360 1717 434 1750 est.

169 1776 262 1820 Vll.
295 1778 415 1819 Unde
433 1786 474 1819 et
487 1777 659 1834 quidam
682 1785 841 1819 naturae
853 1777 1036 1835 perdicis
1054 1777 1180 1819 etiam
1200 1776 1307 1818 istud
1330 1784 1474 1833 aptan-

112 1848 211 1889 dum
235 1856 460 1904 putarunt,
495 1863 544 1888 eo
563 1849 674 1903 quod
699 1847 829 1888 aliena
855 1848 1023 1904 diripiat
1055 1863 1148 1895 ova,
1174 1856 1215 1888 et
1238 1847 1374 1888 foveat
1393 1861 1468 1887 suo

113 1931 315 1972 corpore,
344 1925 468 1973 atque
494 1916 573 1958 hac
597 1933 669 1958 sua
692 1917 836 1958 fraude
859 1927 1002 1974 partus
1025 1917 1180 1958 alienos
1204 1917 1370 1957 studeat
1398 1930 1468 1956 ac-

114 1986 295 2042 quirere.
320 1985 402 2027 Sed
432 1987 570 2042 (quod
591 1986 750 2027 ειίυηῑΔΟ
773 1987 931 2028 cornici
955 1988 1151 2035 oculum3
1182 1987 1338 2028 habent
1360 1986 1472 2027 enim

112 2063 154 2096 et
174 2055 354 2097 volatilia
377 2070 470 2096 suas
489 2058 621 2111 artes)
649 2057 721 2096 ubi
753 2056 866 2097 istud
885 2057 1126 2104 adverterit,
1147 2056 1268 2111 cujus
1289 2064 1360 2096 aut
1383 2056 1468 2095 sin-

112 2125 205 2181 gula
220 2140 296 2165 ova
319 2124 495 2181 direpta,
522 2135 592 2166 aut
614 2126 753 2167 cubile
780 2126 905 2167 suerit
928 2127 1135 2173 invasum,
1161 2135 1231 2167 aut
1245 2126 1466 2168 sollicitata

113 2195 279 2235 soboles
295 2208 438 2235 errore
457 2194 741 2236 similitudinis
755 2228 765 2243 ,
787 2196 940 2253 speciei
963 2196 1229 2238 simulatione
1262 2197 1437 2252 decepta
1455 2227 1465 2242 ,

161 2324 170 2339 ¹
191 2317 275 2349 Gen.
298 2327 342 2353 ιν,
377 2328 420 2349 ιο.
440 2336 479 2341 -
507 2326 519 2340 ²
536 2319 639 2350 Exod.
668 2331 731 2355 xiv.
764 2322 798 2351 15
835 2338 870 2344 ·-
889 2321 902 2343 ³
927 2320 1136 2356 Josn'e‘.1,1.
1161 2337 1198 2342 —-
1221 2321 1233 2344 ⁴
1251 2318 1334 2350 Psal.
1355 2329 1468 2357 cxviii,

120 2371 191 2409 146.
208 2390 246 2395 —
274 2374 288 2394 ⁵
313 2373 387 2403 lsai.
420 2385 468 2407 n..
484 2373 514 2405 6.
538 2392 575 2397 —-
594 2375 609 2397 ὅ
631 2375 723 2406 ΡιὉν.
748 2387 793 2413 ix,
819 2377 848 2406 5.
874 2393 915 2398 —
943 2381 954 2402 7
978 2375 1107 2405 Habac.
1135 2385 1172 2409 11,
1195 2384 1241 2404 ιι.
1258 2393 1296 2398 -
1317 2376 1329 2395 ⁸
1349 2374 1467 2404 matth.

117 2426 325 2463 xxv¹1.46.—-
342 2434 356 2454 9
373 2427 449 2458 Luc.
470 2438 562 2461 xxm,
576 2428 676 2465 45.-
695 2437 725 2451 ¹⁹
743 2429 880 2460 Videtur
895 2427 1082 2459 Ambrosius
1099 2427 1302 2469 proverbium
1319 2436 1469 2468 graecum,

117 2479 156 2511 de
171 2491 234 2522 quo
251 2481 434 2512 Macrobius
446 2482 504 2513 lib.
521 2492 575 2512 vn.
594 2482 728 2515 saturn.
747 2482 904 2520 meminit,
919 2481 1070 2517 innuere;
1084 2482 1203 2513 scilicet
1219 2481 1329 2512 cornix
1346 2481 1464 2511 cornici

117 2537 244 2566 oculum
259 2535 384 2573 effodit,
402 2535 434 2567 id
450 2542 508 2575 est,
521 2537 659 2568 callidus
674 2537 777 2569 callidi
793 2546 907 2576 artem,
926 2549 987 2579 qua
1005 2537 1065 2568 sib1
1083 2537 1225 2568 fraudem
1240 2537 1343 2567 facere
1361 2535 1474 2566 molie-

119 2588 225 2627 batur,
243 2590 387 2621 astutiori
411 2595 478 2622 arte
492 2590 627 2623 deludit.
