1774 3158
280 259 366 313 470
790 270 1122 303 aliorumnas·

236 349 241 351 ’
278 346 476 405 lugendi,
489 346 698 402 poedores,
709 348 939 392 muliebres
953 351 1249 402 lacerationes,
1264 367 1523 412 genuorum,
1536 369 1629 413 peo-

280 416 648 473 toris‚s'eminum,
670 419 827 475 capitis
840 423 1156 477 percussiones,
1172 432 1214 465 et
1229 423 1290 465 his
1310 423 1487 466 similiad
1504 426 1629 468 escri-

277 487 437 528 bensvet
455 489 758 532 condemnans.
774 489 829 532 At
841 491 1132 549 vixquisquam
1148 493 1187 534 in
1201 493 1502 550 turpitudinem
1519 495 1631 537 illam

279 557 445 612 gravius
474 566 545 598 aut
577 558 866 601 vehementius
899 561 1089 604 invectus
1119 572 1203 611 est,
1229 578 1354 619 quam
1378 563 1631 621 Chrysosto-

279 642 389 675 mus,
416 628 630 678 llom.61,
656 629 697 671 in
717 645 809 687 cap.
843 646 910 679 11,
929 632 1140 682 Joannis,
1166 634 1299 676 Hom.
1326 636 1379 686 4,
1409 635 1450 675 in
1474 649 1562 692 cap.
1588 650 1629 682 2,

276 697 336 739 ad
358 698 588 746 Jlebraeos,
609 708 650 742 et
673 700 803 742 Hom.
835 702 858 743 5
879 701 919 742 in
939 717 1030 759 cap.
1065 718 1076 743 1
1103 735 1112 751 ,
1140 704 1199 744 ad
1220 704 1527 760 Philippenses,
1556 703 1633 746 At-

277 768 348 824 qui
401 769 609 811 nihildum
642 771 725 812 tale
771 771 961 814 viderant
999 782 1068 814 aut
1120 774 1362 822 audierant,
1415 775 1537 830 quale
1592 774 1634 815 in

277 837 500 894 regionum
534 840 648 881 haud
685 841 847 898 pridem
875 844 1137 900 detectarum
1167 843 1457 887 Relationibus
1478 858 1636 885 memo·

275 916 408 957 ratur,
435 909 634 950 nimirum
658 910 857 952 barbaras
880 912 1128 970 Narsingani
1165 914 1279 971 regni
1315 912 1506 955 foeminas
1533 927 1632 954 cum

272 978 412 1019 mariti
434 979 639 1020 cadavere
665 980 881 1023 turmatim
905 990 974 1022 aut
1010 983 1120 1024 vivas
1152 982 1347 1032 humari,
1368 991 1440 1024 aut
1461 982 1638 1025 cremari

229 1079 233 1082 ⁴
272 1063 348 1104 pro
372 1047 577 1104 dignitate
596 1049 806 1106 conjugis.

662 1203 905 1231 ANNOTATlo
943 1190 1034 1246 (14)
1068 1205 1159 1248 pag.
1197 1192 1268 1241 44.

344 1323 480 1367 Nobis
497 1324 737 1381 posteriom·
760 1333 897 1382 potest
927 1326 1165 1368 communis
1187 1326 1379 1369 lectionis
1402 1325 1472 1369 hic
1498 1341 1643 1370 sensus

285 1410 401 1443 esse,
435 1402 482 1435 ut
515 1393 714 1436 Salomon
745 1395 817 1452 qui
850 1394 1007 1437 dicitur
1037 1397 1221 1453 profanis
1252 1397 1511 1454 sapientibus
1535 1398 1644 1440 anti-

281 1464 419 1521 quior,
440 1464 551 1506 idem
573 1472 708 1506 tamen
727 1465 871 1506 multis
887 1474 1126 1508 nostrorum
1148 1467 1357 1524 posterior
1374 1467 1443 1515 sit,
1475 1476 1520 1509 ut
1543 1475 1643 1525 puta

286 1536 387 1584 Job,
421 1538 567 1592 Moyse
600 1543 642 1577 et
686 1536 788 1578 aliis.
824 1536 950 1588 Quod
989 1546 1127 1578 autem
1157 1540 1207 1579 ad
1241 1547 1458 1580 auctorem
1491 1538 1560 1580 cui
1594 1539 1644 1580 ab

284 1605 465 1647 ethnicis
488 1614 719 1647 memorata
734 1606 937 1648 sententia
954 1607 1169 1656 tribuitur,
1194 1608 1458 1656 Aristoteles,
1481 1609 1646 1650 Plutar-

289 1675 369 1718 cho
395 1683 522 1723 teste,
549 1690 642 1716 eam
668 1677 715 1716 in
733 1676 956 1730 Eudemo,
986 1678 1072 1720 sive
1096 1679 1168 1720 lib.
1195 1681 1247 1720 de
1276 1680 1448 1720 Anima
1465 1712 1475 1728 ,
1506 1678 1648 1720 Sileno

293 1745 521 1801 adjudicat.
556 1746 675 1788 Idem
714 1762 885 1804 quoque
919 1749 1047 1790 tradit
1092 1748 1274 1798 Cicero,
1311 1749 1387 1791 lib.
1430 1765 1468 1798 1,
1517 1749 1643 1791 Taso.

294 1816 482 1868 Quam„
508 1823 551 1857 et
573 1815 613 1856 in
637 1816 710 1858 lib.
741 1819 793 1859 cle
822 1817 1146 1862 Consolatione.
1185 1819 1286 1862 Vide
1315 1834 1483 1877 quoque
1508 1819 1650 1862 Theo-

297 1887 434 1944 gnidis
473 1887 513 1928 in
541 1887 652 1929 hanc
685 1902 776 1930 rem
807 1889 1089 1947 epigramma,
1126 1890 1383 1948 Sophoclem
1419 1892 1460 1933 in
1494 1890 1646 1948 AEdip.

298 1958 450 2000 Colon.
468 1958 753 2007 Lactantium,
772 1959 844 2003 lib.
871 1976 935 2009 111,
956 1976 1048 2018 cap.
1084 1963 1153 2011 18,
1175 1971 1218 2005 et
1238 1962 1473 2006 Ausonium
1497 1962 1651 2020 Ecloga

296 2029 350 2071 de
367 2029 476 2071 Vita
498 2028 714 2072 humana.

674 2182 916 2211 ANNOTATIO
950 2169 1041 2228 (15)
1076 2185 1170 2228 pag.
1211 2171 1278 2221 46.

359 2307 508 2350 Cicero
541 2306 664 2348 Taso.
690 2306 851 2359 Quoest.
869 2339 884 2355 ,
907 2307 1158 2349 sententiam
1186 2307 1297 2350 hanc
1318 2307 1481 2350 Platoni
1504 2322 1656 2364 accep-

297 2388 383 2421 tam
414 2376 565 2425 refert,
596 2385 638 2417 et
669 2391 814 2419 revera
849 2377 891 2418 in
926 2377 1052 2433 hujus
1087 2377 1303 2419 Plzaedone
1341 2377 1410 2419 illa
1445 2377 1654 2434 reperias,

305 2464 398 2506 quae
422 2448 463 2489 in
485 2447 723 2490 Tusculana
748 2447 932 2489 citantur
958 2449 1008 2488 ab
1031 2447 1225 2489 Oratore.
1242 2447 1437 2490 Attamen
1464 2462 1547 2488 non
1580 2447 1660 2503 pri·

300 2535 419 2562 mum
437 2526 656 2561 auctorem
682 2517 800 2560 istius
825 2517 934 2561 effati
965 2518 1183 2561 Platonem
1207 2519 1414 2566 esse,·sed
1446 2517 1658 2576 Pythago-

298 2605 388 2634 ram
408 2589 612 2634 discimus
627 2602 680 2633 ex
694 2589 821 2633 Hiero
830 2589 941 2647 :ymi
957 2591 1178 2650 Apologia
1192 2590 1296 2634 adv.
1314 2588 1467 2648 Rasin.
1479 2621 1491 2640 ‚
1503 2589 1576 2634 lib.
1592 2603 1652 2632 111.
