<?xml version="1.0" encoding="UTF-8"?>
<!DOCTYPE html PUBLIC "-//W3C//DTD XHTML 1.0 Transitional//EN"
    "http://www.w3.org/TR/xhtml1/DTD/xhtml1-transitional.dtd">
<html xmlns="http://www.w3.org/1999/xhtml" xml:lang="en" lang="en">
 <head>
  <title>
</title>
<meta http-equiv="Content-Type" content="text/html;charset=utf-8" />
  <meta name='ocr-system' content='tesseract 3.04.00' />
  <meta name='ocr-capabilities' content='ocr_page ocr_carea ocr_par ocr_line ocrx_word'/>
</head>
<body>
  <div class='ocr_page' id='page_1' title='image "./omniaequaeextant08ambruoft_0442.png"; bbox 0 0 1774 3158; ppageno 0'>
   <div class='ocr_carea' id='block_1_1' title="bbox 291 287 1104 336">
    <p class='ocr_par' dir='ltr' id='par_1_1' title="bbox 291 287 1104 336">
     <span class='ocr_line' id='line_1_1' title="bbox 291 287 1104 336; baseline -0.001 -10"><span class='ocrx_word' id='word_1_1' title='bbox 291 287 377 336; x_wconf 71' lang='lat'>428</span> <span class='ocrx_word' id='word_1_2' title='bbox 840 299 871 326; x_wconf 86' lang='lat' dir='ltr'>s.</span> <span class='ocrx_word' id='word_1_3' title='bbox 912 298 1104 327; x_wconf 74' lang='lat' dir='ltr'>AMBssosn</span> 
     </span>
    </p>
   </div>
   <div class='ocr_carea' id='block_1_2' title="bbox 293 374 1658 1848">
    <p class='ocr_par' dir='ltr' id='par_1_2' title="bbox 293 374 1652 856">
     <span class='ocr_line' id='line_1_2' title="bbox 293 374 1649 433; baseline 0.004 -17"><span class='ocrx_word' id='word_1_4' title='bbox 293 375 369 417; x_wconf 82' lang='lat' dir='ltr'>etsi</span> <span class='ocrx_word' id='word_1_5' title='bbox 389 374 594 418; x_wconf 77' lang='lat' dir='ltr'>infirmior·</span> <span class='ocrx_word' id='word_1_6' title='bbox 616 375 790 424; x_wconf 83' lang='lat' dir='ltr'>viribus,</span> <span class='ocrx_word' id='word_1_7' title='bbox 816 375 952 419; x_wconf 83' lang='lat' dir='ltr'>induit</span> <span class='ocrx_word' id='word_1_8' title='bbox 987 392 1030 418; x_wconf 88' lang='lat' dir='ltr'>se</span> <span class='ocrx_word' id='word_1_9' title='bbox 1065 385 1189 433; x_wconf 83' lang='lat' dir='ltr'>atquc</span> <span class='ocrx_word' id='word_1_10' title='bbox 1224 385 1355 418; x_wconf 81' lang='lat' dir='ltr'>armat</span> <span class='ocrx_word' id='word_1_11' title='bbox 1376 377 1581 426; x_wconf 84' lang='lat' dir='ltr'>versutia;</span> <span class='ocrx_word' id='word_1_12' title='bbox 1606 388 1649 421; x_wconf 77' lang='lat' dir='ltr'>et</span> 
     </span>
     <span class='ocr_line' id='line_1_3' title="bbox 294 446 1648 503; baseline 0.002 -16"><span class='ocrx_word' id='word_1_13' title='bbox 294 460 392 487; x_wconf 89' lang='lat' dir='ltr'>cum</span> <span class='ocrx_word' id='word_1_14' title='bbox 416 447 537 488; x_wconf 82' lang='lat' dir='ltr'>labor</span> <span class='ocrx_word' id='word_1_15' title='bbox 575 446 710 488; x_wconf 88' lang='lat' dir='ltr'>omnis</span> <span class='ocrx_word' id='word_1_16' title='bbox 753 447 967 503; x_wconf 86' lang='lat' dir='ltr'>impensus</span> <span class='ocrx_word' id='word_1_17' title='bbox 1006 447 1361 488; x_wconf 74' lang='lat' dir='ltr'><strong>nutrimentorum</strong></span> <span class='ocrx_word' id='word_1_18' title='bbox 1398 448 1648 490; x_wconf 78' lang='lat' dir='ltr'>educantem</span> 
     </span>
     <span class='ocr_line' id='line_1_4' title="bbox 293 516 1649 574; baseline 0.001 -17"><span class='ocrx_word' id='word_1_19' title='bbox 293 516 545 564; x_wconf 83' lang='lat' dir='ltr'><strong>exhauserit,</strong></span> <span class='ocrx_word' id='word_1_20' title='bbox 572 526 695 573; x_wconf 79' lang='lat' dir='ltr'>atque</span> <span class='ocrx_word' id='word_1_21' title='bbox 720 516 958 559; x_wconf 79' lang='lat' dir='ltr'>adolescere</span> <span class='ocrx_word' id='word_1_22' title='bbox 986 517 1087 574; x_wconf 84' lang='lat' dir='ltr'>pulli</span> <span class='ocrx_word' id='word_1_23' title='bbox 1113 518 1334 574; x_wconf 82' lang='lat' dir='ltr'>coeperint,</span> <span class='ocrx_word' id='word_1_24' title='bbox 1363 526 1465 559; x_wconf 82' lang='lat' dir='ltr'>tunc</span> <span class='ocrx_word' id='word_1_25' title='bbox 1501 529 1649 559; x_wconf 80' lang='lat' dir='ltr'>vocem</span> 
     </span>
     <span class='ocr_line' id='line_1_5' title="bbox 295 587 1651 645; baseline 0.001 -18"><span class='ocrx_word' id='word_1_26' title='bbox 295 587 464 635; x_wconf 78' lang='lat' dir='ltr'>emittit,</span> <span class='ocrx_word' id='word_1_27' title='bbox 486 595 526 628; x_wconf 84' lang='lat' dir='ltr'>et</span> <span class='ocrx_word' id='word_1_28' title='bbox 549 589 729 643; x_wconf 87' lang='lat' dir='ltr'>quadam</span> <span class='ocrx_word' id='word_1_29' title='bbox 753 588 917 644; x_wconf 72' lang='lat' dir='ltr'>pietatis</span> <span class='ocrx_word' id='word_1_30' title='bbox 936 588 1036 630; x_wconf 78' lang='lat' dir='ltr'>tuba</span> <span class='ocrx_word' id='word_1_31' title='bbox 1053 589 1215 645; x_wconf 86' lang='lat' dir='ltr'>prolem</span> <span class='ocrx_word' id='word_1_32' title='bbox 1236 589 1425 630; x_wconf 81' lang='lat' dir='ltr'>advocat.</span> <span class='ocrx_word' id='word_1_33' title='bbox 1452 587 1555 639; x_wconf 86' lang='lat' dir='ltr'>Quae</span> <span class='ocrx_word' id='word_1_34' title='bbox 1574 603 1651 629; x_wconf 79' lang='lat' dir='ltr'>na-</span> 
     </span>
     <span class='ocr_line' id='line_1_6' title="bbox 295 657 1650 715; baseline 0.002 -19"><span class='ocrx_word' id='word_1_35' title='bbox 295 657 421 697; x_wconf 82' lang='lat' dir='ltr'>turali</span> <span class='ocrx_word' id='word_1_36' title='bbox 443 657 624 713; x_wconf 82' lang='lat' dir='ltr'>quodam</span> <span class='ocrx_word' id='word_1_37' title='bbox 651 658 794 699; x_wconf 87' lang='lat' dir='ltr'>auditu</span> <span class='ocrx_word' id='word_1_38' title='bbox 831 658 1011 700; x_wconf 83' lang='lat' dir='ltr'>excitata</span> <span class='ocrx_word' id='word_1_39' title='bbox 1046 659 1234 714; x_wconf 75' lang='lat' dir='ltr'>agnoscit</span> <span class='ocrx_word' id='word_1_40' title='bbox 1268 667 1502 715; x_wconf 81' lang='lat' dir='ltr'>parentem,</span> <span class='ocrx_word' id='word_1_41' title='bbox 1528 667 1569 700; x_wconf 84' lang='lat' dir='ltr'>et</span> <span class='ocrx_word' id='word_1_42' title='bbox 1593 658 1650 700; x_wconf 87' lang='lat' dir='ltr'>si-</span> 
     </span>
     <span class='ocr_line' id='line_1_7' title="bbox 296 727 1652 786; baseline 0.002 -20"><span class='ocrx_word' id='word_1_43' title='bbox 296 727 529 768; x_wconf 81' lang='lat' dir='ltr'>mulantem</span> <span class='ocrx_word' id='word_1_44' title='bbox 553 728 719 770; x_wconf 81' lang='lat' dir='ltr'>deserit.</span> <span class='ocrx_word' id='word_1_45' title='bbox 749 728 809 770; x_wconf 76' lang='lat' dir='ltr'>Ita</span> <span class='ocrx_word' id='word_1_46' title='bbox 832 742 929 770; x_wconf 89' lang='lat' dir='ltr'>cum</span> <span class='ocrx_word' id='word_1_47' title='bbox 958 729 1046 770; x_wconf 87' lang='lat' dir='ltr'>vult</span> <span class='ocrx_word' id='word_1_48' title='bbox 1075 744 1330 786; x_wconf 77' lang='lat' dir='ltr'>congregare</span> <span class='ocrx_word' id='word_1_49' title='bbox 1362 744 1453 785; x_wconf 80' lang='lat' dir='ltr'>quae</span> <span class='ocrx_word' id='word_1_50' title='bbox 1475 743 1559 769; x_wconf 92' lang='lat' dir='ltr'>non</span> <span class='ocrx_word' id='word_1_51' title='bbox 1577 744 1652 785; x_wconf 90' lang='lat' dir='ltr'>pe-</span> 
     </span>
     <span class='ocr_line' id='line_1_8' title="bbox 299 795 1186 856; baseline 0.005 -20"><span class='ocrx_word' id='word_1_52' title='bbox 299 795 422 851; x_wconf 83' lang='lat' dir='ltr'>perit,</span> <span class='ocrx_word' id='word_1_53' title='bbox 451 797 719 854; x_wconf 81' lang='lat' dir='ltr'>amittitquos</span> <span class='ocrx_word' id='word_1_54' title='bbox 743 799 989 841; x_wconf 72' lang='lat' dir='ltr'>nutriendos</span> <span class='ocrx_word' id='word_1_55' title='bbox 1012 799 1186 856; x_wconf 78' lang='lat' dir='ltr'>putavit.</span> 
     </span>
    </p>

    <p class='ocr_par' dir='ltr' id='par_1_3' title="bbox 295 866 1657 1407">
     <span class='ocr_line' id='line_1_9' title="bbox 362 866 1654 926; baseline 0 -18"><span class='ocrx_word' id='word_1_56' title='bbox 362 866 467 909; x_wconf 82' lang='lat' dir='ltr'><strong>VIII.</strong></span> <span class='ocrx_word' id='word_1_57' title='bbox 505 867 598 910; x_wconf 89' lang='lat' dir='ltr'>Non</span> <span class='ocrx_word' id='word_1_58' title='bbox 636 869 849 925; x_wconf 78' lang='lat' dir='ltr'>superfluo</span> <span class='ocrx_word' id='word_1_59' title='bbox 874 870 999 926; x_wconf 81' lang='lat' dir='ltr'>igitur</span> <span class='ocrx_word' id='word_1_60' title='bbox 1013 879 1054 911; x_wconf 85' lang='lat' dir='ltr'>et</span> <span class='ocrx_word' id='word_1_61' title='bbox 1075 871 1192 911; x_wconf 86' lang='lat' dir='ltr'>Jesus</span> <span class='ocrx_word' id='word_1_62' title='bbox 1210 869 1406 911; x_wconf 81' lang='lat' dir='ltr'>clamavit</span> <span class='ocrx_word' id='word_1_63' title='bbox 1425 902 1435 917; x_wconf 84' lang='lat'>‚</span> <span class='ocrx_word' id='word_1_64' title='bbox 1479 876 1526 909; x_wconf 87' lang='lat' dir='ltr'>ut</span> <span class='ocrx_word' id='word_1_65' title='bbox 1558 867 1654 924; x_wconf 88' lang='lat' dir='ltr'>quia</span> 
     </span>
     <span class='ocr_line' id='line_1_10' title="bbox 295 937 1654 996; baseline 0.001 -19"><span class='ocrx_word' id='word_1_66' title='bbox 295 937 422 978; x_wconf 86' lang='lat' dir='ltr'>totius</span> <span class='ocrx_word' id='word_1_67' title='bbox 437 939 583 979; x_wconf 87' lang='lat' dir='ltr'>mundi</span> <span class='ocrx_word' id='word_1_68' title='bbox 601 940 782 995; x_wconf 85' lang='lat' dir='ltr'>populus</span> <span class='ocrx_word' id='word_1_69' title='bbox 804 953 907 980; x_wconf 86' lang='lat' dir='ltr'>voce</span> <span class='ocrx_word' id='word_1_70' title='bbox 928 939 1126 996; x_wconf 79' lang='lat' dir='ltr'>perdicis,</span> <span class='ocrx_word' id='word_1_71' title='bbox 1148 939 1377 986; x_wconf 74' lang='lat' dir='ltr'>blanditiis,</span> <span class='ocrx_word' id='word_1_72' title='bbox 1394 947 1500 986; x_wconf 77' lang='lat' dir='ltr'>arte,</span> <span class='ocrx_word' id='word_1_73' title='bbox 1514 939 1654 995; x_wconf 86' lang='lat' dir='ltr'>specie</span> 
     </span>
     <span class='ocr_line' id='line_1_11' title="bbox 300 1010 1654 1068; baseline 0.001 -19"><span class='ocrx_word' id='word_1_74' title='bbox 300 1010 516 1064; x_wconf 86' lang='lat' dir='ltr'>deceptus,</span> <span class='ocrx_word' id='word_1_75' title='bbox 545 1010 594 1050; x_wconf 90' lang='lat' dir='ltr'>ab</span> <span class='ocrx_word' id='word_1_76' title='bbox 631 1016 803 1051; x_wconf 76' lang='lat' dir='ltr'>auctore</span> <span class='ocrx_word' id='word_1_77' title='bbox 825 1010 996 1068; x_wconf 81' lang='lat' dir='ltr'>proprio</span> <span class='ocrx_word' id='word_1_78' title='bbox 1032 1011 1285 1057; x_wconf 77' lang='lat' dir='ltr'>deviaverat,</span> <span class='ocrx_word' id='word_1_79' title='bbox 1328 1010 1511 1052; x_wconf 81' lang='lat' dir='ltr'>lubricas</span> <span class='ocrx_word' id='word_1_80' title='bbox 1546 1017 1654 1050; x_wconf 79' lang='lat' dir='ltr'>artes</span> 
     </span>
     <span class='ocr_line' id='line_1_12' title="bbox 302 1080 1656 1138; baseline 0.001 -18"><span class='ocrx_word' id='word_1_81' title='bbox 302 1088 488 1128; x_wconf 82' lang='lat' dir='ltr'>secutus,</span> <span class='ocrx_word' id='word_1_82' title='bbox 529 1081 616 1122; x_wconf 82' lang='lat' dir='ltr'>veri</span> <span class='ocrx_word' id='word_1_83' title='bbox 647 1082 830 1138; x_wconf 81' lang='lat' dir='ltr'>parentis</span> <span class='ocrx_word' id='word_1_84' title='bbox 851 1097 958 1124; x_wconf 82' lang='lat' dir='ltr'>voce</span> <span class='ocrx_word' id='word_1_85' title='bbox 980 1091 1202 1124; x_wconf 78' lang='lat' dir='ltr'>revocatus</span> <span class='ocrx_word' id='word_1_86' title='bbox 1229 1081 1420 1123; x_wconf 76' lang='lat' dir='ltr'>fallacem</span> <span class='ocrx_word' id='word_1_87' title='bbox 1448 1080 1656 1137; x_wconf 80' lang='lat' dir='ltr'>relinque-</span> 
     </span>
     <span class='ocr_line' id='line_1_13' title="bbox 298 1152 1654 1208; baseline 0.001 -18"><span class='ocrx_word' id='word_1_88' title='bbox 298 1157 378 1197; x_wconf 82' lang='lat' dir='ltr'>ret,</span> <span class='ocrx_word' id='word_1_89' title='bbox 400 1159 524 1207; x_wconf 86' lang='lat' dir='ltr'>atque</span> <span class='ocrx_word' id='word_1_90' title='bbox 543 1152 583 1192; x_wconf 92' lang='lat' dir='ltr'>in</span> <span class='ocrx_word' id='word_1_91' title='bbox 603 1152 776 1194; x_wconf 90' lang='lat' dir='ltr'>dimidio</span> <span class='ocrx_word' id='word_1_92' title='bbox 804 1153 967 1194; x_wconf 87' lang='lat' dir='ltr'>dierum</span> <span class='ocrx_word' id='word_1_93' title='bbox 987 1153 1076 1208; x_wconf 85' lang='lat' dir='ltr'>ejus</span> <span class='ocrx_word' id='word_1_94' title='bbox 1095 1152 1411 1195; x_wconf 82' lang='lat' dir='ltr'>fraudulentum</span> <span class='ocrx_word' id='word_1_95' title='bbox 1430 1153 1654 1198; x_wconf 76' lang='lat' dir='ltr'>desereret,</span> 
     </span>
     <span class='ocr_line' id='line_1_14' title="bbox 303 1220 1657 1280; baseline 0.001 -19"><span class='ocrx_word' id='word_1_96' title='bbox 303 1220 346 1262; x_wconf 93' lang='lat' dir='ltr'>id</span> <span class='ocrx_word' id='word_1_97' title='bbox 365 1230 444 1270; x_wconf 89' lang='lat' dir='ltr'>est,</span> <span class='ocrx_word' id='word_1_98' title='bbox 472 1230 567 1265; x_wconf 84' lang='lat' dir='ltr'>ante</span> <span class='ocrx_word' id='word_1_99' title='bbox 594 1223 720 1280; x_wconf 88' lang='lat' dir='ltr'>hujus</span> <span class='ocrx_word' id='word_1_100' title='bbox 741 1223 868 1266; x_wconf 84' lang='lat' dir='ltr'>finem</span> <span class='ocrx_word' id='word_1_101' title='bbox 893 1225 1060 1272; x_wconf 82' lang='lat' dir='ltr'>saeculi,</span> <span class='ocrx_word' id='word_1_102' title='bbox 1089 1224 1157 1266; x_wconf 87' lang='lat' dir='ltr'>cui</span> <span class='ocrx_word' id='word_1_103' title='bbox 1182 1239 1258 1265; x_wconf 85' lang='lat' dir='ltr'>nos</span> <span class='ocrx_word' id='word_1_104' title='bbox 1275 1223 1429 1280; x_wconf 77' lang='lat' dir='ltr'>eripuit</span> <span class='ocrx_word' id='word_1_105' title='bbox 1453 1223 1657 1265; x_wconf 75' lang='lat' dir='ltr'><strong>Dominus</strong></span> 
     </span>
     <span class='ocr_line' id='line_1_15' title="bbox 297 1289 1654 1352; baseline 0.001 -21"><span class='ocrx_word' id='word_1_106' title='bbox 297 1289 433 1340; x_wconf 77' lang='lat' dir='ltr'>Jesus,</span> <span class='ocrx_word' id='word_1_107' title='bbox 461 1301 503 1334; x_wconf 77' lang='lat' dir='ltr'>et</span> <span class='ocrx_word' id='word_1_108' title='bbox 527 1293 577 1334; x_wconf 91' lang='lat' dir='ltr'>ad</span> <span class='ocrx_word' id='word_1_109' title='bbox 605 1294 730 1336; x_wconf 86' lang='lat' dir='ltr'>vitam</span> <span class='ocrx_word' id='word_1_110' title='bbox 759 1304 961 1337; x_wconf 68' lang='lat' dir='ltr'>aeternam</span> <span class='ocrx_word' id='word_1_111' title='bbox 981 1295 1160 1337; x_wconf 72' lang='lat' dir='ltr'>vocavit.</span> <span class='ocrx_word' id='word_1_112' title='bbox 1195 1295 1338 1352; x_wconf 86' lang='lat' dir='ltr'>Itaque</span> <span class='ocrx_word' id='word_1_113' title='bbox 1363 1308 1476 1336; x_wconf 88' lang='lat' dir='ltr'>nunc</span> <span class='ocrx_word' id='word_1_114' title='bbox 1499 1291 1654 1335; x_wconf 79' lang='lat' dir='ltr'>mortui</span> 
     </span>
     <span class='ocr_line' id='line_1_16' title="bbox 297 1364 797 1407; baseline 0.01 -5"><span class='ocrx_word' id='word_1_115' title='bbox 297 1365 457 1404; x_wconf 86' lang='lat' dir='ltr'>mundo</span> <span class='ocrx_word' id='word_1_116' title='bbox 476 1364 650 1406; x_wconf 84' lang='lat' dir='ltr'>vivimus</span> <span class='ocrx_word' id='word_1_117' title='bbox 668 1366 797 1407; x_wconf 77' lang='lat' dir='ltr'>Dco&#39;.</span> 
     </span>
    </p>

    <p class='ocr_par' dir='ltr' id='par_1_4' title="bbox 298 1433 1658 1848">
     <span class='ocr_line' id='line_1_17' title="bbox 360 1433 1656 1496; baseline 0.002 -22"><span class='ocrx_word' id='word_1_118' title='bbox 360 1433 433 1477; x_wconf 86' lang='lat' dir='ltr'>IX.</span> <span class='ocrx_word' id='word_1_119' title='bbox 474 1435 580 1477; x_wconf 87' lang='lat' dir='ltr'>Cum</span> <span class='ocrx_word' id='word_1_120' title='bbox 604 1437 730 1492; x_wconf 76' lang='lat' dir='ltr'>igitur</span> <span class='ocrx_word' id='word_1_121' title='bbox 753 1438 898 1495; x_wconf 74' lang='lat' dir='ltr'>perdix</span> <span class='ocrx_word' id='word_1_122' title='bbox 928 1437 1006 1479; x_wconf 83' lang='lat' dir='ltr'>iste</span> <span class='ocrx_word' id='word_1_123' title='bbox 1030 1437 1196 1496; x_wconf 85' lang='lat' dir='ltr'>penitus</span> <span class='ocrx_word' id='word_1_124' title='bbox 1220 1453 1241 1479; x_wconf 91' lang='lat' dir='ltr'>a</span> <span class='ocrx_word' id='word_1_125' title='bbox 1270 1436 1380 1479; x_wconf 80' lang='lat' dir='ltr'>falsis</span> <span class='ocrx_word' id='word_1_126' title='bbox 1406 1435 1499 1478; x_wconf 84' lang='lat' dir='ltr'>filiis</span> <span class='ocrx_word' id='word_1_127' title='bbox 1532 1434 1656 1477; x_wconf 86' lang='lat' dir='ltr'>dere-</span> 
     </span>
     <span class='ocr_line' id='line_1_18' title="bbox 298 1505 1658 1566; baseline 0.001 -20"><span class='ocrx_word' id='word_1_128' title='bbox 298 1505 420 1547; x_wconf 81' lang='lat' dir='ltr'>lictus</span> <span class='ocrx_word' id='word_1_129' title='bbox 442 1507 568 1550; x_wconf 84' lang='lat' dir='ltr'>fuerit</span> <span class='ocrx_word' id='word_1_130' title='bbox 588 1540 598 1556; x_wconf 93' lang='lat'>‚</span> <span class='ocrx_word' id='word_1_131' title='bbox 627 1518 726 1551; x_wconf 85' lang='lat' dir='ltr'>tunc</span> <span class='ocrx_word' id='word_1_132' title='bbox 744 1510 824 1551; x_wconf 75' lang='lat' dir='ltr'>erit</span> <span class='ocrx_word' id='word_1_133' title='bbox 844 1511 995 1551; x_wconf 79' lang='lat' dir='ltr'>stultus</span> <span class='ocrx_word' id='word_1_134' title='bbox 1035 1510 1119 1557; x_wconf 91' lang='lat' dir='ltr'>ille,</span> <span class='ocrx_word' id='word_1_135' title='bbox 1145 1524 1271 1566; x_wconf 88' lang='lat' dir='ltr'>quem</span> <span class='ocrx_word' id='word_1_136' title='bbox 1303 1509 1427 1565; x_wconf 85' lang='lat' dir='ltr'>elegit</span> <span class='ocrx_word' id='word_1_137' title='bbox 1459 1508 1590 1555; x_wconf 89' lang='lat' dir='ltr'>Deus,</span> <span class='ocrx_word' id='word_1_138' title='bbox 1616 1514 1658 1548; x_wconf 80' lang='lat' dir='ltr'>et</span> 
     </span>
     <span class='ocr_line' id='line_1_19' title="bbox 302 1578 1658 1640; baseline 0 -22"><span class='ocrx_word' id='word_1_139' title='bbox 302 1578 532 1634; x_wconf 73' lang='lat' dir='ltr'>sapientem</span> <span class='ocrx_word' id='word_1_140' title='bbox 571 1580 783 1629; x_wconf 81' lang='lat' dir='ltr'>confudit,</span> <span class='ocrx_word' id='word_1_141' title='bbox 829 1582 988 1628; x_wconf 81' lang='lat' dir='ltr'>salvus3</span> <span class='ocrx_word' id='word_1_142' title='bbox 1029 1580 1228 1636; x_wconf 87' lang='lat' dir='ltr'>quoniam</span> <span class='ocrx_word' id='word_1_143' title='bbox 1271 1595 1363 1640; x_wconf 46' lang='lat' dir='ltr'>‘11¹5ss</span> <span class='ocrx_word' id='word_1_144' title='bbox 1391 1579 1515 1621; x_wconf 83' lang='lat' dir='ltr'>stulta</span> <span class='ocrx_word' id='word_1_145' title='bbox 1560 1585 1658 1619; x_wconf 85' lang='lat' dir='ltr'>sunt</span> 
     </span>
     <span class='ocr_line' id='line_1_20' title="bbox 301 1648 1657 1707; baseline 0 -20"><span class='ocrx_word' id='word_1_146' title='bbox 301 1648 465 1697; x_wconf 87' lang='lat' dir='ltr'>mundi,</span> <span class='ocrx_word' id='word_1_147' title='bbox 489 1649 615 1706; x_wconf 83' lang='lat' dir='ltr'>elegit</span> <span class='ocrx_word' id='word_1_148' title='bbox 636 1649 790 1692; x_wconf 88' lang='lat' dir='ltr'>Deus².</span> <span class='ocrx_word' id='word_1_149' title='bbox 819 1651 1004 1707; x_wconf 85' lang='lat' dir='ltr'>Ideoque</span> <span class='ocrx_word' id='word_1_150' title='bbox 1036 1651 1067 1691; x_wconf 86' lang='lat' dir='ltr'>si</span> <span class='ocrx_word' id='word_1_151' title='bbox 1091 1650 1183 1707; x_wconf 87' lang='lat' dir='ltr'>quis</span> <span class='ocrx_word' id='word_1_152' title='bbox 1203 1649 1369 1692; x_wconf 80' lang='lat' dir='ltr'>videtur</span> <span class='ocrx_word' id='word_1_153' title='bbox 1387 1648 1550 1705; x_wconf 87' lang='lat' dir='ltr'>sapiens</span> <span class='ocrx_word' id='word_1_154' title='bbox 1568 1661 1657 1688; x_wconf 88' lang='lat' dir='ltr'>esse</span> 
     </span>
     <span class='ocr_line' id='line_1_21' title="bbox 305 1717 1656 1777; baseline -0.001 -18"><span class='ocrx_word' id='word_1_155' title='bbox 305 1718 345 1759; x_wconf 90' lang='lat' dir='ltr'>in</span> <span class='ocrx_word' id='word_1_156' title='bbox 357 1717 438 1760; x_wconf 91' lang='lat' dir='ltr'>hoc</span> <span class='ocrx_word' id='word_1_157' title='bbox 463 1722 634 1770; x_wconf 71' lang='lat' dir='ltr'>saeculo,</span> <span class='ocrx_word' id='word_1_158' title='bbox 657 1722 809 1763; x_wconf 78' lang='lat' dir='ltr'>stultus</span> <span class='ocrx_word' id='word_1_159' title='bbox 828 1719 917 1770; x_wconf 84' lang='lat' dir='ltr'>fiat,</span> <span class='ocrx_word' id='word_1_160' title='bbox 940 1730 988 1763; x_wconf 78' lang='lat' dir='ltr'>ut</span> <span class='ocrx_word' id='word_1_161' title='bbox 1009 1721 1061 1762; x_wconf 84' lang='lat' dir='ltr'>sit</span> <span class='ocrx_word' id='word_1_162' title='bbox 1083 1720 1261 1777; x_wconf 86' lang='lat' dir='ltr'>sapiens.</span> <span class='ocrx_word' id='word_1_163' title='bbox 1280 1719 1381 1762; x_wconf 83' lang='lat' dir='ltr'>Vale</span> <span class='ocrx_word' id='word_1_164' title='bbox 1404 1718 1462 1761; x_wconf 86' lang='lat' dir='ltr'>fili</span> <span class='ocrx_word' id='word_1_165' title='bbox 1483 1751 1494 1768; x_wconf 92' lang='lat'><strong><em>,</em></strong></span> <span class='ocrx_word' id='word_1_166' title='bbox 1518 1726 1563 1761; x_wconf 84' lang='lat' dir='ltr'>et</span> <span class='ocrx_word' id='word_1_167' title='bbox 1582 1731 1656 1759; x_wconf 84' lang='lat' dir='ltr'>nos</span> 
     </span>
     <span class='ocr_line' id='line_1_22' title="bbox 309 1787 1298 1848; baseline 0.003 -19"><span class='ocrx_word' id='word_1_168' title='bbox 309 1787 451 1847; x_wconf 79' lang='lat' dir='ltr'>dilige,</span> <span class='ocrx_word' id='word_1_169' title='bbox 471 1798 518 1832; x_wconf 85' lang='lat' dir='ltr'>ut</span> <span class='ocrx_word' id='word_1_170' title='bbox 542 1789 667 1840; x_wconf 76' lang='lat' dir='ltr'>facis3</span> <span class='ocrx_word' id='word_1_171' title='bbox 694 1791 893 1848; x_wconf 87' lang='lat' dir='ltr'>quoniam</span> <span class='ocrx_word' id='word_1_172' title='bbox 913 1806 989 1834; x_wconf 86' lang='lat' dir='ltr'>nos</span> <span class='ocrx_word' id='word_1_173' title='bbox 1012 1799 1052 1833; x_wconf 82' lang='lat' dir='ltr'>te</span> <span class='ocrx_word' id='word_1_174' title='bbox 1073 1790 1298 1848; x_wconf 85' lang='lat' dir='ltr'>diligimus.</span> 
     </span>
    </p>
   </div>
   <div class='ocr_carea' id='block_1_3' title="bbox 351 1891 899 1936">
    <p class='ocr_par' dir='ltr' id='par_1_5' title="bbox 351 1891 899 1936">
     <span class='ocr_line' id='line_1_23' title="bbox 351 1891 899 1936; baseline 0.007 -14"><span class='ocrx_word' id='word_1_175' title='bbox 351 1900 358 1914; x_wconf 89' lang='lat'><strong>¹</strong></span> <span class='ocrx_word' id='word_1_176' title='bbox 382 1892 474 1924; x_wconf 84' lang='lat' dir='ltr'>Rom.</span> <span class='ocrx_word' id='word_1_177' title='bbox 493 1901 535 1929; x_wconf 77' lang='lat' dir='ltr'>vi,</span> <span class='ocrx_word' id='word_1_178' title='bbox 551 1891 583 1925; x_wconf 84' lang='grc'>8.</span> <span class='ocrx_word' id='word_1_179' title='bbox 602 1910 640 1916; x_wconf 89' lang='grc'><strong>-</strong></span> <span class='ocrx_word' id='word_1_180' title='bbox 660 1900 671 1915; x_wconf 80' lang='grc'><em>·</em></span> <span class='ocrx_word' id='word_1_181' title='bbox 693 1903 704 1924; x_wconf 86' lang='grc' dir='ltr'><strong>ι</strong></span> <span class='ocrx_word' id='word_1_182' title='bbox 720 1892 795 1926; x_wconf 85' lang='lat' dir='ltr'>Cor.</span> <span class='ocrx_word' id='word_1_183' title='bbox 811 1904 831 1930; x_wconf 83' lang='grc' dir='ltr'>ι,</span> <span class='ocrx_word' id='word_1_184' title='bbox 848 1904 899 1936; x_wconf 85' lang='lat'>27.</span> 
     </span>
    </p>
   </div>
  </div>
 </body>
</html>
