1774 3158
321 245 337 254 -v

287 259 367 286 202
833 262 864 288 S.
906 261 1098 289 AMBROSH

282 335 340 377 tio
370 335 487 376 illum
514 336 748 379 sacerdotio
772 337 1012 396 indignum,
1039 348 1080 381 et
1106 340 1365 389 carendum,
1399 349 1446 384 ut
1475 342 1515 384 in
1544 344 1640 386 loco

282 404 373 461 ejus
398 405 630 447 catholicus
648 407 880 451 ordinetur.

341 475 498 517 Omnes
517 475 701 533 episcopi
726 477 920 519 dixerunt
942 493 951 519 :
973 477 1207 520 Anathema
1225 478 1425 522 Palladio.

338 544 445 588 LIII.
481 546 730 589 Ambrosius
764 548 985 606 episeopus
1019 549 1152 591 dixit:
1179 551 1414 606 Imperator
1448 552 1636 593 clemen-

280 617 462 660 tissimus
488 627 529 660 et
551 619 803 661 christianus
831 621 1098 661 sacerdotum
1127 619 1285 675 judicio
1308 635 1479 663 causam
1495 656 1505 670 ‚
1530 631 1571 664 et
1590 632 1638 665 ut

279 688 355 745 ipsi
388 689 533 732 arbitri
564 699 703 732 essent
730 691 1035 738 altercationis,
1065 691 1223 747 inquit,
1253 693 1634 736 constituissemus.

283 758 493 810 Quoniam
519 760 644 816 igitur
662 761 782 803 nobis
803 760 1016 816 judicium
1036 761 1202 802 videtur
1223 763 1408 804 delatum
1433 764 1638 820 interpre-

280 836 339 870 tes
363 844 452 870 esse
466 829 796 886 Scripturarum,
818 831 1150 872 condemnemus
1162 831 1413 879 Palladium,
1433 833 1504 888 qui
1523 833 1639 891 impii

284 899 394 941 Arrii
418 899 553 940 noluit
575 901 773 941 damnare
797 900 1045 941 sententiam
1071 916 1079 941 :
1108 909 1149 942 et
1172 901 1267 957 quia
1290 901 1375 958 ipse
1392 901 1545 943 Filium
1563 902 1637 944 Dei

285 967 615 1024 sempiternum,
632 977 673 1010 et
688 979 837 1011 caetera
854 985 945 1026 quae
965 970 1066 1012 actis
1084 970 1313 1021 inhaerent,
1333 971 1511 1029 negavit.
1531 972 1639 1029 Ergo

286 1038 508 1080 anathema
532 1039 752 1081 habeatur.

340 1108 498 1150 Omnes
522 1109 706 1166 episcopi
727 1110 948 1151 dixerunt:
973 1111 1130 1153 Omnes
1153 1112 1486 1155 condemnamus
1506 1127 1602 1155 eum
1623 1146 1634 1163 ,

287 1179 511 1221 anathema
530 1179 748 1222 habeatur.

357 1298 544 1340 Palmam
565 1299 845 1356 singulorum
874 1301 920 1342 ίη
946 1300 1202 1343 Palladium
1218 1302 1526 1344 condemnatt'o
1543 1302 1573 1346 ¹.

342 1403 448 1446 LIV.
486 1404 733 1446 Ambrosius
748 1404 968 1462 episcopus
988 1405 1089 1447 dixit
1110 1421 1119 1447 ε
1147 1405 1359 1457 Quoniam
1378 1421 1523 1447 omnes
1542 1420 1641 1447 con-

284 1475 435 1516 sistunt
465 1474 541 1517 viri
571 1475 814 1524 christiani,
839 1484 880 1516 et
903 1476 990 1516 Deo
1020 1476 1185 1531 probati
1221 1476 1368 1518 fratres
1386 1510 1395 1524 ,
1422 1486 1463 1518 et
1490 1491 1640 1518 consa-

282 1546 474 1586 cerdotes
493 1545 648 1593 nostri,
673 1546 785 1587 dicat
809 1546 1097 1602 unusquisqne
1122 1546 1223 1602 quid
1247 1546 1324 1587 sihi
1344 1546 1548 1588 videatur.

343 1616 586 1658 Valerianus
610 1616 830 1673 episcopus
855 1617 955 1673 (89)
979 1617 1082 1660 dixit
1108 1631 1117 1658 :
1146 1617 1243 1658 Mihi
1263 1618 1432 1673 quidem
1456 1618 1639 1663 videtur.

282 1687 379 1742 quia
402 1686 473 1743 qui
496 1686 663 1727 Arrium
693 1686 902 1734 defendit,
926 1686 1126 1728 Arrianus
1152 1695 1214 1728 est
1236 1701 1244 1727 :
1270 1687 1339 1743 qui
1360 1687 1640 1744 blasphemias

280 1757 370 1813 ejus
390 1772 475 1799 non
499 1758 778 1804 condemnat,
795 1757 880 1813 ipse
901 1757 1172 1814 blasphemus
1197 1766 1280 1806 est3
1299 1758 1478 1814 ideoque
1497 1757 1642 1814 hujus-

281 1827 618 1869 modihominem
632 1843 650 1868 a
665 1827 876 1869 consortio
890 1829 1156 1869 sacerdotum
1171 1843 1322 1870 censeo
1336 1843 1426 1869 esso
1439 1827 1634 1869 alienum.

341 1897 547 1939 Palladius
571 1897 671 1938 dixit
695 1912 702 1937 :
732 1895 925 1954 Coepistis
949 1897 1121 1946 ludere,
1151 1898 1297 1940 ludite.
1326 1897 1425 1940 Sine
1448 1897 1641 1939 Concilio

283 1967 474 2010 orientali
501 1968 619 2010 vobis
643 1983 723 2009 non
750 1968 1066 2024 respondemus.

339 2040 423 2082 LV.
464 2039 665 2082 Anemius
699 2039 923 2096 episcopus
959 2038 1198 2081 Sirmiensis
1237 2040 1323 2095 (90)
1360 2039 1463 2081 dixit
1489 2055 1497 2079 ε
1534 2039 1642 2090 Qui-

284 2126 467 2167 cumque
490 2111 668 2152 haereses
690 2109 889 2152 Arrianas
921 2124 1004 2150 non
1037 2108 1319 2157 condemnat,
1354 2109 1556 2151 Arrianus
1589 2108 1641 2150 sit

283 2196 453 2223 necesse
480 2189 553 2222 est.
578 2181 700 2221 Hunc
720 2180 846 2235 igitur
874 2179 1057 2220 alienum
1077 2179 1203 2220 etiam
1229 2194 1249 2220 a
1278 2187 1417 2221 nostra
1447 2192 1642 2220 commu-

283 2251 426 2300 nione,
442 2260 483 2293 et
503 2250 751 2292 sacerdotali
773 2257 883 2290 coetu
902 2250 1042 2290 denuo
1063 2249 1274 2306 privatum
1293 2264 1383 2291 esse
1400 2263 1637 2291 censemus.

344 2321 614 2363 Constantius
637 2320 857 2377 episcopus
876 2319 1104 2361 Arausicus
1125 2320 1227 2362 dixit
1248 2334 1256 2361 :
1277 2320 1510 2362 Palladium
1531 2317 1641 2360 Arrii

286 2392 566 2448 discipulum,
591 2390 713 2444 cuius
748 2390 983 2446 impietates
1015 2389 1097 2445 jam
1124 2390 1224 2432 olim
1257 2391 1464 2431 damnatae
1496 2396 1594 2430 sunt
1621 2403 1643 2429 a

288 2462 481 2503 Patribus
510 2459 660 2502 nostris
685 2459 725 2500 in
758 2459 947 2501 Concilio
972 2459 1164 2507 Nicaeno,
1188 2467 1229 2501 et
1252 2475 1367 2501 nunc
1392 2458 1517 2500 hodie
1541 2472 1642 2515 pro-

285 2533 414 2579 batae,
451 2545 546 2572 cum
575 2537 919 2576 recenserentur,
953 2545 971 2569 a
1002 2529 1184 2572 Palladio
1208 2530 1406 2586 singulae3
1434 2528 1530 2585 quia
1555 2541 1641 2568 non

285 2602 484 2644 confusus
503 2608 565 2642 cst
583 2601 683 2641 dum
698 2600 770 2641 Dei
785 2599 936 2640 Filium
957 2615 976 2640 a
992 2599 1080 2641 Deo
1096 2600 1217 2642 Patre
1231 2614 1320 2641 esse
1330 2599 1529 2645 alienum,
1541 2612 1640 2639 cum

333 2692 340 2705 ¹
365 2682 444 2715 Vide
458 2682 497 2714 D.
519 2681 663 2718 Guillon,
683 2685 757 2712 tom.
774 2691 817 2717 ix,
834 2690 862 2726 p.
883 2680 943 2722 493
962 2684 994 2712 et
1008 2679 1085 2722 494.
