1774 3158
539 257 822 287 1-2PJSTOLARUM
856 258 1011 286 CLASSIS
1047 261 1072 286 1.
1409 248 1489 304 257

142 351 228 379 non
250 336 384 378 Deum
413 351 559 377 verum
597 336 709 377 dicas
726 368 736 383 ,
763 337 836 377 sed
866 337 999 376 Deum
1034 335 1298 392 unigenitum
1321 352 1465 379 verum
1482 371 1492 387 ‚

143 421 189 448 ae
227 421 301 463 per
330 406 410 448 hoc
441 406 507 448 dic
532 405 779 462 simpliciter
804 421 813 446 :
840 404 1086 462 Unigenitus
1109 406 1183 447 Dei
1215 406 1345 448 Filius
1379 408 1491 450 Deus

140 491 263 518 verus
285 485 359 518 est.

197 546 491 589 Seeundianus
510 547 611 588 dixit
633 562 641 587 :
668 546 940 603 Unigenitum
965 547 1047 588 dixi
1070 546 1145 588 Dei
1172 547 1339 588 Filium.

197 616 354 658 LXIX.
390 616 595 658 Eusebius
619 616 839 672 episeopus
872 615 976 657 dixit
1005 631 1013 656 z
1050 616 1140 658 Hoc
1170 615 1374 658 Photinus
1408 632 1493 660 non

140 694 286 741 negat,
311 686 393 726 hoc
416 686 621 727 Sabeilius
645 685 886 727 confitetur.

199 755 446 796 Ambrosius
464 756 684 811 episcopus
706 756 808 797 dixit
835 770 843 796 ε
869 755 921 796 Et
939 755 1010 811 qui
1035 755 1116 796 hoc
1134 770 1218 796 non
1238 755 1467 797 confitetur
1484 789 1494 804 ,

138 823 233 879 jure
255 826 507 865 damnatur:
529 839 575 865 ae
600 840 672 879 per
692 825 773 865 hoe
795 839 902 880 saepe
926 833 967 865 te
991 825 1218 876 convenio,
1239 825 1339 866 lieet
1366 825 1499 867 cavil-

139 894 265 936 lando
302 893 516 950 negaveris
540 894 773 935 veritatem.
811 893 903 936 Non
945 909 1086 949 quaero
1115 902 1161 935 ut
1197 895 1495 936 tantummodo

139 963 405 1020 unigenitum
421 979 560 1005 verum
570 962 725 1005 Filium
739 963 1031 1011 dicasl)ei‚sed
1047 964 1172 1005 etIam
1182 965 1317 1005 Deum
1331 980 1494 1007 verum.

199 1033 492 1075 secundianus
511 1032 636 1076 dixit:
652 1032 846 1075 Veritatis
865 1048 932 1074 me
967 1048 1133 1075 servum
1157 1033 1375 1090 profiteor.
1394 1034 1500 1084 Quae

142 1102 236 1144 dico
253 1136 262 1150 ,
287 1118 371 1144 non
391 1103 665 1144 scribuntur:
687 1111 725 1144 et
747 1118 838 1159 quae
857 1103 983 1150 dieis,
1003 1103 1263 1144 scribuntur.
1281 1104 1498 1145 Christum

140 1187 284 1213 verum
305 1172 546 1214 DeiFilium
567 1173 674 1215 dico.
692 1174 797 1225 Quis
815 1173 1101 1230 negatFilium
1119 1173 1193 1214 Dei
1212 1188 1355 1215 verum
1380 1175 1498 1215 esse?

199 1242 334 1285 LXX.
371 1243 619 1285 Ambrosius
650 1244 874 1300 episcopus
912 1242 1050 1284 dixit:
1082 1243 1167 1294 Qui
1201 1252 1326 1300 negat
1362 1244 1500 1286 Deum

141 1327 287 1353 verum
310 1312 573 1368 unigenitum
599 1314 678 1355 Dei
700 1313 852 1355 Filium
868 1346 877 1361 ,
905 1312 1129 1355 anathema
1147 1313 1212 1355 sit.

200 1382 494 1424 Secundianus
519 1383 624 1424 dixit
654 1400 663 1423 :
699 1384 835 1425 Deum
871 1398 1018 1424 verum
1052 1383 1316 1440 unigenitum
1346 1383 1501 1426 Filium

141 1451 215 1493 Dei
242 1468 251 1493 ε
280 1452 394 1502 Quid
418 1453 522 1493 mihi
545 1451 754 1509 profiteris
770 1485 780 1500 ,
810 1454 925 1509 quod
957 1468 1042 1493 non
1066 1461 1129 1494 est
1151 1453 1386 1510 scriptum?

201 1523 448 1565 Ambrosius
475 1523 698 1580 episeopus
722 1523 824 1565 dixit
849 1539 858 1564 :
885 1525 1091 1580 Apertum
1116 1525 1382 1581 saerilegium
1410 1533 1498 1573 est,

141 1592 310 1650 quando
330 1593 545 1634 Christum
567 1594 642 1635 Dei
662 1595 814 1635 Filium
833 1594 979 1635 Arrius
990 1595 1124 1636 Deum
1144 1610 1291 1636 verum
1314 1596 1495 1651 negavit.

184 1663 490 1720 *secundianus
510 1664 613 1705 dixit
635 1679 642 1698 τ
663 1655 809 1705 Jesum
830 1664 1046 1706 Christum
1071 1665 1225 1706 Filium
1243 1665 1316 1706 Dei
1339 1667 1472 1706 Deum
1489 1697 1500 1714 ‚

143 1735 213 1790 qui
250 1734 441 1776 Christus
481 1735 646 1776 dicatur
668 1735 799 1776 Filius
826 1750 973 1782 verus,
997 1735 1150 1777 Filium
1177 1735 1252 1776 Dei
1277 1735 1371 1777 dico
1396 1751 1405 1777 ε
1431 1737 1505 1777 sed

144 1819 288 1846 verum
312 1807 446 1846 Deum
471 1820 556 1845 non
583 1813 646 1846 est
669 1805 888 1862 scriptum.

201 1874 355 1916 LXXI.
395 1873 644 1916 Ambrosius
663 1876 885 1932 episeopus
906 1875 1032 1916 dixit:
1052 1875 1249 1917 Nondum
1268 1874 1507 1932 resipuisti?

145 1945 197 1985 Et
222 1944 377 2000 adjecit
403 1960 411 1985 :
438 1945 497 1987 Ne
521 1946 622 2002 quid
645 1946 701 1987 illi
721 1946 911 1987 videatur
933 1961 1022 1988 esse
1045 1947 1319 2002 subreptum,
1349 1945 1508 1987 confir-

144 2023 230 2056 met
257 2015 510 2057 sententiam
549 2033 679 2059 suam.
708 2017 828 2059 Dicat
857 2032 957 2073 ergo
995 2017 1259 2074 unigenitum
1291 2017 1507 2059 Christum

145 2084 222 2125 Dei
240 2084 393 2126 Filium
417 2085 553 2127 Deum
580 2102 741 2128 verum.

204 2154 495 2198 Secundianus
521 2156 623 2199 dixit
644 2173 652 2198 :
676 2158 771 2199 Jam
796 2157 894 2200 dixi.
917 2157 1032 2209 Quid
1049 2157 1151 2199 mihi
1171 2167 1421 2215 extorquere
1446 2159 1505 2200 vis

150 2225 362 2282 amplius?

204 2297 453 2339 Ambrosius
469 2298 690 2356 episeopus
715 2300 843 2341 dixit:
866 2299 980 2352 Quid
1001 2299 1168 2340 dixisti?
1189 2299 1313 2341 Certe
1330 2300 1362 2341 si
1384 2300 1506 2341 dixis-

147 2380 210 2407 ses
235 2374 348 2408 tanta
363 2398 373 2414 ,
394 2369 508 2423 quod
530 2369 710 2424 gloriose
736 2369 892 2411 dicitur
907 2401 917 2419 ‚
938 2385 1045 2426 saepe
1066 2371 1343 2426 repetendum
1368 2377 1446 2410 est.

206 2434 501 2479 Secundianus
539 2438 640 2479 dixit
668 2454 676 2479 :
702 2439 872 2481 Dictum
906 2448 968 2480 est
997 2455 1005 2480 ε
1041 2457 1055 2478 «
1080 2439 1143 2481 Sit
1170 2455 1308 2481 sermo
1336 2448 1472 2481 vester
1503 2455 1511 2480 :

147 2522 162 2544 >³
176 2505 248 2547 Est
271 2515 332 2547 est
349 2540 358 2555 ,
382 2506 473 2548 Non
499 2523 581 2549 non
598 2509 626 2550 ¹.
653 2527 667 2547 »

194 2607 201 2619 ¹
228 2598 346 2629 Mauh.
364 2610 394 2630 v.
418 2601 471 2641 57·

307 2670 369 2694 131
1315 2673 1364 2697 1’·
