1774 3158
467 271 749 301 mus'rommuu
783 271 941 299 cussis
975 272 1000 299 1.
1336 258 1419 313 369

129 356 179 396 ΙΙ.
217 353 384 396 Domini
414 352 562 394 fratres
597 351 888 399 dilectissimi,
926 366 975 392 co
1008 366 1139 408 usque
1172 368 1192 393 a
1230 367 1326 393 vero
1351 367 1427 393 nos

72 425 238 466 deviare
282 438 365 465 non
401 423 621 470 convenit,
647 436 724 462 nec
747 436 851 477 vago
888 421 1052 476 ingenio
1091 423 1349 479 discrepare,
1383 431 1429 463 ut

73 495 263 549 quaedain
286 492 510 534 necessitas
526 491 784 533 celebritatis
799 490 926 546 hujus
944 492 1141 532 omnibus
1162 491 1214 533 sit
1235 492 1429 548 imposita

74 562 320 604 Christianis
334 579 344 610 ;
359 561 700 618 quandoquidem
729 560 816 617 ipse
827 561 1034 602 Dominus
1049 577 1144 602 eum
1159 562 1283 618 elegit
1301 563 1409 602 diem
1421 595 1430 609 ‚

75 648 158 690 quo
182 633 340 675 Pascha
361 633 623 679 celebraret,
643 631 714 688 qui
739 646 835 672 cum
854 631 1128 672 observantia:
1147 648 1253 673 verae
1272 633 1434 674 ratione

77 703 306 745 concurrit.
334 703 550 760 Scriptum
573 710 635 743 est
652 701 762 742 enim
790 716 798 742 :
817 700 973 743 «Venit
995 710 1134 742 auten]
1156 702 1242 743 dies
1257 735 1266 749 ,
1291 702 1331 743 in
1354 717 1434 758 qua

76 795 91 813 a
108 790 278 817 necesse
301 783 389 816 erat
414 773 573 816 Pascha
595 772 829 820 immolari,
853 780 894 813 et
916 772 1027 813 misit
1047 772 1219 814 Petrum
1245 780 1283 813 et
1301 772 1434 813 Joan-

79 865 94 887 n
109 861 228 894 nem,
256 846 397 887 dicens
413 861 421 886 τ
437 846 596 886 Euntes
619 853 762 901 parate
779 844 901 885 nobis
917 842 1076 885 Pascha
1094 877 1104 892 ,
1132 852 1179 885 ut
1201 840 1439 885 manduce-

80 932 215 958 mnus.
241 915 297 957 At
314 915 372 956 illi
392 915 590 956 dixerunt
608 929 616 955 ε
632 914 709 956 Ubi
730 913 787 955 vis
811 913 1037 970 paremus?
1060 914 1110 956 Et
1134 914 1234 955 dixit
1258 915 1308 955 ad
1328 913 1438 956 illos:

81 986 220 1028 »Ecce
256 985 573 1026 introeuntibus
609 984 725 1025 vobis
754 983 795 1024 in
829 983 1066 1031 civitatem,
1093 993 1289 1025 occurret
1313 984 1441 1025 homo

85 1075 100 1096 ι»
116 1056 362 1112 amphoram
387 1069 504 1111 aquae
532 1062 703 1111 portans
718 1086 729 1102 ‚
750 1054 972 1110 sequimini
993 1070 1090 1095 eum
1119 1054 1159 1095 in
1180 1055 1377 1103 domum,
1400 1055 1440 1095 in

85 1142 240 1183 »quam
266 1126 409 1173 intrat,
427 1133 468 1166 et
486 1124 633 1166 dicetis
656 1124 943 1181 patrifamilias
960 1125 1091 1167 :Dicit
1114 1125 1188 1167 tibi
1211 1125 1437 1181 Magister:

87 1196 197 1237 »ubi
213 1205 274 1237 est
296 1195 598 1242 diversorium,
621 1195 690 1235 ubi
713 1195 871 1236 Pascha
895 1210 990 1236 cum
1015 1195 1238 1251 Discipulis
1263 1196 1440 1236 mandu-

88 1285 103 1305 »
118 1266 232 1307 cem?
253 1267 342 1322 lpse
362 1265 478 1306 vobis
493 1266 686 1306 ostendet
705 1265 745 1305 in
760 1265 1046 1321 superioribus
1063 1267 1206 1306 locum
1222 1280 1437 1322 magnum:

88 1337 175 1379 »ibi
195 1335 382 1392 parate¹.
403 1355 417 1374 »

150 1406 226 1448 Ill.
253 1406 524 1448 Advertimus
547 1406 673 1462 igitur
693 1406 805 1460 quod
823 1419 905 1445 non
924 1406 974 1445 ad
991 1413 1156 1446 terrena
1171 1406 1446 1454 descendere,

94 1478 167 1518 sed
189 1477 229 1517 in
249 1477 534 1533 superioribus
571 1477 712 1517 locum
736 1490 934 1532 magnum
957 1480 1134 1517 stratum
1171 1491 1359 1532 quaerere
1383 1477 1454 1517 de-

94 1547 292 1594 beamus,
339 1555 385 1588 ut
409 1547 578 1588 Domini
617 1545 775 1587 Pascha
810 1547 1086 1588 celebremus.
1114 1547 1299 1589 Abluere
1324 1549 1450 1590 etiam

97 1633 240 1660 sensns
257 1626 421 1659 nostros
444 1618 624 1673 quadam
648 1615 822 1672 spiritali
846 1631 949 1672 aqua
974 1618 1098 1659 l'ontis
1127 1619 1295 1667 aeterni,
1319 1627 1358 1661 et
1385 1621 1456 1662 der·

97 1698 203 1729 votae
231 1688 485 1730 celebritatis
508 1695 651 1729 tenere
674 1702 939 1736 mensuram3
967 1704 1043 1730 nec
1070 1690 1269 1746 opinione
1292 1691 1456 1747 vulgari

102 1760 188 1801 dies
210 1761 416 1816 quosdam
449 1759 667 1816 explorare
690 1759 880 1806 lunares,
916 1774 1013 1800 cum
1053 1759 1280 1817 Apostolus
1303 1762 1416 1803 dicat
1443 1778 1452 1802 :

113 1847 128 1868 σ
145 1830 242 1871 Dies
267 1829 519 1876 observatis,
548 1837 590 1870 et
621 1843 808 1876 menses,
844 1837 885 1870 et
907 1837 1096 1886 tempora
1119 1863 1128 1881 ‚
1158 1843 1199 1872 et
1224 1846 1376 1879 annos3
1402 1832 1455 1873 ti-

100 1917 117 1939 »
134 1914 226 1940 meo
251 1915 302 1940 ne
328 1900 416 1940 sine
445 1914 567 1941 causa
585 1898 865 1941 laboraverim
890 1899 930 1940 in
954 1900 1096 1942 vobis2
1115 1918 1126 1950 3
1143 1920 1156 1941 υ
1175 1916 1272 1943 nam
1310 1902 1458 1959 incipit

102 1985 192 2012 esse
219 1970 494 2012 contrarium.

161 2039 230 2081 IV.
252 2038 336 2080 Sed
358 2040 470 2081 aliud
497 2040 793 2082 estobservare
806 2041 1013 2097 gentilitio
1036 2057 1153 2084 more
1168 2077 1179 2091 ‚
1200 2052 1247 2085 ut
1264 2045 1457 2100 qualuna

104 2109 206 2166 quid
229 2110 505 2151 adoriendum
533 2110 585 2151 sit
613 2109 799 2165 judices,
829 2121 874 2152 ut
898 2121 997 2169 puta
1031 2114 1223 2172 quintam
1260 2130 1348 2158 esse
1390 2116 1457 2158 su·

105 2179 298 2236 giendam
321 2181 477 2234 (158),
504 2179 692 2236 nihilque
714 2196 760 2222 ea
784 2181 1068 2224 inchoandum
1098 2200 1108 2225 ε
1134 2186 1266 2227 varios
1290 2202 1458 2243 quoque

106 2264 254 2291 cursus
289 2252 399 2292 lunae
444 2251 649 2293 obeundis
674 2253 850 2309 negotiis
872 2257 1172 2297 commendare
1191 2288 1200 2300 .
1220 2259 1287 2299 vel
1313 2272 1461 2301 cavere

107 2322 309 2377 quosdam
331 2321 419 2362 dies
439 2355 450 2371 ,
475 2324 832 2378 quemadmodum
851 2326 1041 2381 plerique
1058 2335 1247 2383 posteros
1271 2328 1358 2370 dies
1395 2331 1459 2372 vel

107 2391 378 2448 AEgyptiacos
402 2392 615 2433 declinare
636 2404 906 2437 consuerunt.
932 2396 1058 2438 Aliud
1080 2413 1178 2439 vero
1216 2407 1279 2440 est
1311 2400 1460 2442 obser—

107 2462 291 2504 vantiam
312 2462 514 2518 religiosae
537 2464 688 2504 mentis
715 2464 934 2507 intendere
961 2467 1002 2508 in
1025 2483 1122 2509 eum
1147 2469 1257 2511 diem
1274 2502 1284 2518 ,
1305 2471 1357 2512 de
1376 2486 1460 2526 quo

108 2533 311 2591 scriptum
330 2541 393 2575 est
413 2549 422 2575 :
441 2552 456 2572 α
472 2534 549 2576 Hic
568 2543 629 2576 est
646 2535 765 2585 Dies,
789 2552 915 2593 quem
932 2537 1031 2580 fecit
1054 2539 1260 2583 Dominus
1274 2539 1304 2583 ³.
1327 2560 1342 2581 ι)
1357 2540 1461 2584 Nam

156 2631 163 2643 ¹
187 2623 262 2655 Luc.
282 2634 364 2662 xxn,
383 2635 434 2667 7-1
445 2635 475 2656 2.
489 2642 529 2650 -
549 2634 561 2648 ²
583 2625 688 2658 Galat.
710 2635 754 2664 iv,
775 2636 824 2658 10.
839 2645 879 2653 ——
894 2629 909 2652 ³
926 2628 1009 2662 Psal.
1027 2640 1124 2667 cxvn.
1141 2631 1196 2669 24.

261 2693 340 2720 Lx!-
1274 2697 1331 2745 24
