1774 3158
280 169 364 213 366
839 183 871 210 s.
910 181 1101 211 Aunaosu

280 261 436 304 »deo¹.
463 279 477 299 »
491 261 580 303 Hoc
603 268 643 301 et
667 260 744 302 iste
779 259 881 302 dicit
908 276 916 301 :
945 260 1090 302 Caecus
1128 259 1184 302 fui
1206 293 1215 309 ‚
1245 270 1286 302 et
1308 262 1434 303 modo
1470 262 1594 304 video
1617 278 1625 303 :

282 331 541 387 Interrogate
559 330 682 378 alios,
713 330 745 371 si
767 329 870 371 mibi
894 345 976 371 non
997 329 1165 371 creditis
1181 362 1192 380 ‚
1220 329 1475 386 interrogate
1496 339 1633 372 extra-

282 411 492 449 neos‚·ne
528 400 739 458 astipulari
769 401 870 441 mihi
900 409 1095 457 parentes
1130 400 1298 456 putetis.
1335 400 1633 442 Detestabilior

282 470 457 512 istorum
477 486 601 527 quam
625 470 871 512 Judaeorum
895 470 1139 528 pertinacia.
1167 470 1229 510 Illi
1251 484 1346 510 cum
1373 470 1628 518 dubitarent,

283 541 348 582 vel
371 549 563 597 parentes
592 540 905 597 interrogabant
932 556 940 581 :
968 540 1032 581 isti
1056 541 1222 580 occulte
1256 539 1537 595 interrogant,
1564 555 1632 596 pa—

281 609 365 651 lam
384 618 560 667 negant,
578 609 664 666 jam
694 625 777 651 non
802 609 917 666 operi
936 609 1142 651 increduli
1158 642 1167 656 ,
1193 610 1266 650 sed
1289 609 1462 651 auctori.

342 680 460 724 XIX.
498 681 581 723 Sed
608 696 748 737 quaero
770 682 871 737 quid
894 697 977 722 non
997 682 1171 722 credant
1188 713 1198 728 ‚
1223 688 1366 721 utrum
1391 695 1410 721 a
1445 680 1635 738 martyri-

284 752 362 794 bus
383 752 544 809 possint
565 752 689 808 aliqui
722 751 910 794 visitari?
932 753 1020 794 Hoc
1045 761 1107 794 est
1129 751 1298 792 Christo
1322 766 1409 792 non
1433 752 1632 799 credere;

282 823 370 879 ipse
387 822 498 864 enim
520 822 622 864 dixit
646 838 654 863 ε
674 841 688 859 α
703 823 752 865 Et
767 823 924 879 majora
944 824 1006 864 his
1025 822 1224 865 facietis2.
1242 822 1336 865 »An
1355 823 1405 864 ab
1425 822 1511 863 istis
1529 837 1635 863 mar-

279 892 462 949 tyribus,
486 907 666 948 quorum
689 893 837 934 merita
860 892 944 949 jam
973 894 1132 934 dudum
1173 891 1334 948 vigent,
1356 905 1533 948 corpora
1562 890 1636 932 du-

285 963 385 1003 dum
409 970 574 1018 reperta
597 961 728 1002 sunt?
755 963 909 1012 Quaero
948 962 1017 1004 hic
1059 970 1202 1003 utrum
1227 961 1354 1008 mihi,
1395 976 1445 1002 an
1483 961 1636 1003 sanctis

282 1031 538 1086 martyribus
560 1030 800 1072 invideant?
825 1032 866 1073 Si
887 1032 988 1072 mihi
1004 1064 1013 1077 ‚
1037 1031 1243 1087 numquid
1264 1046 1284 1071 a
1303 1046 1370 1072 me
1389 1031 1536 1086 aliquae
1559 1031 1634 1072 vir-

285 1109 396 1143 tutes
415 1099 556 1141 fiunt?
577 1101 790 1157 numquid
813 1116 906 1143 meo
928 1117 1078 1159 opere,
1104 1117 1198 1143 meo
1231 1100 1433 1143 nomine?
1457 1101 1542 1142 Cur
1566 1101 1639 1158 igi-

284 1180 352 1213 tur
375 1171 478 1212 mihi
520 1171 736 1220 invident,
762 1174 878 1228 quod
900 1188 1043 1214 meum
1080 1188 1162 1214 non
1195 1172 1293 1214 est?
1318 1172 1360 1213 Si
1384 1172 1636 1228 martyribus

290 1244 434 1298 (restat
451 1242 563 1282 enim
580 1274 590 1290 ,
610 1250 656 1283 ut
674 1243 705 1283 si
719 1243 820 1284 mihi
841 1259 924 1285 non
944 1244 1151 1291 invident,
1173 1243 1431 1300 martyribus
1451 1243 1638 1284 invidere

283 1312 528 1367 videantur)
551 1314 784 1355 ostendunt
803 1314 971 1355 alterius
992 1313 1089 1355 fidei
1107 1314 1233 1355 fuisse
1256 1322 1484 1369 martyres,
1510 1328 1635 1369 quam

282 1382 358 1440 ipsi
385 1383 576 1423 credunt.
608 1382 752 1439 Neque
778 1383 890 1425 enim
917 1384 1036 1426 aliter
1064 1400 1211 1425 eorum
1248 1384 1447 1440 operibus
1485 1383 1640 1424 invide-

283 1459 402 1500 rent3
425 1452 501 1492 nisi
525 1451 653 1493 fidem
677 1454 717 1494 in
741 1453 804 1494 his
823 1453 948 1495 fuisse
971 1470 1063 1495 eam
1081 1487 1090 1503 ‚
1111 1469 1237 1510 quam
1261 1454 1325 1495 isti
1349 1468 1434 1494 non
1462 1453 1635 1502 habent,

282 1521 535 1578 judicarent.
577 1522 724 1564 Fidem
765 1523 878 1565 illam
916 1524 1127 1580 majorum
1154 1524 1378 1565 traditione
1400 1522 1634 1574 firmatam,

280 1607 406 1647 quarn
438 1593 648 1634 daemones
672 1593 748 1650 ipsi
769 1609 922 1651 negare
944 1609 1026 1635 non
1054 1603 1254 1651 possunt3
1281 1594 1353 1635 sed
1372 1592 1538 1635 Arriani
1563 1610 1637 1636 ne-

282 1671 396 1718 gant.

339 1731 438 1774 XX.
476 1732 724 1774 Audivimus
766 1734 892 1776 hodie
936 1735 1122 1777 dicentes
1159 1751 1228 1777 eos
1245 1770 1255 1785 ,
1296 1738 1448 1795 quibus
1491 1753 1639 1779 manus

284 1802 606 1860 imponebatur,
639 1805 852 1846 neminem
877 1821 999 1863 posse
1035 1821 1125 1847 esse
1155 1808 1339 1855 salvum,
1370 1808 1447 1849 nisi
1492 1808 1561 1864 qui
1597 1808 1636 1849 in

281 1872 448 1915 Patrem
469 1881 510 1914 et
531 1873 685 1915 Filium
702 1883 743 1916 et
765 1874 967 1932 Spiritum
985 1885 1178 1918 sanctum
1203 1879 1452 1920 credidisset
1480 1894 1489 1920 :
1518 1879 1636 1920 illum

281 1951 515 1993 mortuum,
531 1943 649 1984 illum
667 1944 905 1995 funereum,
927 1946 998 2003 qui
1016 1947 1219 2003 Spiritum
1241 1958 1433 1990 sanctum
1448 1957 1636 2006 negaret,

282 2013 352 2069 qui
373 2013 588 2055 Trinitatis
607 2015 942 2072 omnipotentem
968 2016 1166 2059 virtutem
1190 2033 1273 2059 non
1297 2020 1503 2060 erederet.
1525 2019 1639 2060 Con-

281 2082 427 2125 fitetur
449 2086 530 2126 hoc
555 2084 770 2135 diabolus,
795 2088 869 2129 sed
895 2088 1061 2129 Arriani
1087 2089 1237 2130 nolunt
1258 2089 1394 2132 fateri.
1425 2089 1538 2131 Dicit
1558 2090 1641 2131 dia-

282 2155 404 2196 bolus
425 2171 434 2196 :
457 2154 525 2196 Sic
543 2163 812 2212 torqueatur,
841 2158 1202 2214 quemadmodum
1227 2159 1313 2216 ipse
1338 2175 1359 2201 a
1383 2160 1640 2217 martyribus

280 2225 580 2281 torquebatur,
611 2226 682 2281 qui
703 2226 883 2284 Spiritus
908 2227 1039 2269 sancti
1065 2228 1264 2270 deitatem
1283 2238 1467 2286 negaret.

278 2294 457 2344 XXI.
497 2294 586 2337 Non
613 2296 772 2353 accipio
797 2312 819 2339 a
843 2297 1011 2339 diabolo
1031 2299 1347 2347 testimonium,
1372 2300 1446 2341 sed
1464 2294 1641 2341 'conses—

278 2363 451 2405 sionem.
475 2363 635 2406 Invitus
655 2366 962 2409 dixitdiabolus
976 2401 986 2417 ,
1006 2369 1081 2410 sed
1099 2377 1270 2411 exactus
1286 2377 1327 2410 et
1346 2377 1492 2411 tortus.
1513 2369 1640 2420 Quod

275 2435 464 2492 nequitia
497 2435 743 2493 supprimit,
788 2446 1013 2496 extorquet
1053 2439 1251 2496 injuria³.
1296 2440 1417 2483 Cedit
1449 2439 1639 2482 diabolus

329 2523 338 2538 ¹
353 2516 448 2548 Joan.
470 2527 500 2556 v,
519 2517 572 2550 35.
591 2536 631 2542 —
647 2525 658 2540 ²
675 2518 727 2552 ld.
749 2530 816 2558 xiv,
834 2530 883 2553 12.
900 2538 941 2545 —
960 2522 973 2546 ³
991 2519 1175 2562 Error-quet
1194 2521 1328 2564 injuria,
1350 2520 1382 2553 id
1398 2527 1457 2560 est,
1469 2522 1626 2555 cruciatus

267 2576 300 2605 et
325 2570 429 2604 dolor.
