1774 3158
507 353 789 382 Eris'romnun
824 353 981 382 cmsms
1016 355 1041 382 ι.
1375 341 1459 398 329

112 432 153 473 in
176 447 243 473 me
263 431 463 474 vindicari
485 442 702 488 oportere,
730 433 794 474 vel
817 432 969 474 abduci
1005 447 1073 474 me
1110 433 1150 474 in
1193 449 1295 490 quas
1334 435 1459 475 vellet

115 498 320 544 terrarum
341 502 602 544 solitudines.
646 503 717 544 His
745 502 890 549 dictis,
936 502 994 544 illi
1018 503 1211 544 abierunt
1249 518 1258 544 :
1300 519 1375 560 ego
1419 504 1459 545 in

115 572 283 614 basilica
306 573 434 614 veteri
460 581 592 613 totum
615 572 731 628 exegi
768 572 890 614 diem.
914 573 1016 613 Inde
1047 574 1219 615 domum
1260 575 1452 615 cubitum

114 659 181 685 me
198 643 355 699 recepi3
377 652 422 684 ut
445 643 476 683 si
494 643 585 699 quis
604 643 814 684 abducere
835 644 981 691 vellet,
1003 643 1207 685 inveniret
1229 653 1433 700 paratum.

173 713 246 754 XI.
286 712 393 754 Ante
412 715 549 754 lucem
583 713 653 754 ubi
680 714 827 770 pedem
850 712 994 754 limine
1020 712 1176 761 extuli,
1207 714 1462 755 circumfuso

117 784 248 824 milite
269 792 504 839 occupatur
532 783 714 824 basilica.
752 783 883 839 quue
910 798 930 824 a
969 782 1172 825 militibus
1216 784 1464 840 Imperatori

116 854 359 894 mandatum
383 853 559 900 (licitur,
585 860 629 893 ut
657 853 688 893 si
708 852 877 909 prodire
900 853 1037 900 vellet,
1070 853 1246 894 haberet
1271 854 1432 909 copiam
1454 870 1462 900 3

114 939 156 965 se
182 932 319 964 tamen
343 932 492 980 P,!'5'{¹}³2l0
517 924 700 970 futuros,
727 923 757 964 si
779 923 968 965 viderent
989 938 1085 964 eum
1110 938 1208 965 cum
1232 923 1462 964 Catholicis

116 992 340 1034 convenire
364 1007 373 1033 ε
399 993 581 1047 alioquin
605 1007 647 1033 se
670 992 720 1033 ud
742 1007 838 1033 eum
864 1001 1044 1041 coetum,
1067 1007 1193 1048 quem
1215 992 1463 1034 Ambrosius

117 1072 311 1118 cogeret,
338 1063 600 1105 transituros.

173 1134 268 1176 XII.
306 1133 479 1175 Prodire
520 1133 570 1174 de
610 1133 796 1174 Arrianis
831 1133 970 1174 nullus
1005 1133 1213 1181 audebam
1258 1134 1351 1189 quia
1389 1148 1466 1174 nec

116 1204 335 1260 quisquam
358 1205 407 1244 (le
426 1204 585 1244 civibus
603 1212 707 1250 erat,
726 1203 846 1259 pauci
871 1204 920 1244 de
945 1203 1099 1244 familia
1117 1204 1244 1260 regio,
1277 1204 1467 1244 nonnulli

116 1275 241 1315 etiam
265 1274 392 1316 Gothi
409 1276 442 1329 (1
462 1277 544 1330 19).
569 1274 731 1324 Quibus
753 1282 800 1315 ut
821 1273 919 1314 olim
939 1275 1122 1330 plaustra
1146 1274 1263 1315 sodes
1288 1283 1396 1322 erat,
1413 1275 1465 1314 ita

116 1359 228 1385 nunc
270 1345 503 1400 plaustrum
547 1343 731 1384 Ecclesia
770 1352 845 1384 est.
877 1344 1159 1400 Quocumque
1191 1344 1358 1397 l'oemina
1392 1344 1467 1385 ista

117 1414 388 1470 processerit,
415 1428 557 1455 secum
582 1428 676 1454 suos
696 1429 841 1454 omnes
865 1422 999 1471 coetus
1018 1414 1144 1454 vehit.
1271 1443 1285 1454 ›.

173 1485 287 1526 XIII.
325 1484 631 1525 Circuinsusam
657 1484 871 1525 basilicam
893 1499 981 1525 esse
1003 1485 1160 1540 gemitu
1178 1485 1320 1541 populi
1342 1485 1468 1525 intel-

115 1554 194 1595 lexi
221 1569 229 1594 :
253 1556 326 1596 sed
344 1555 443 1596 dum
466 1555 663 1610 leguntur
681 1554 907 1602 lectiones,
934 1554 1151 1596 intimatur
1176 1555 1277 1597 mihi
1301 1557 1469 1611 plenam

117 1625 258 1681 populi
281 1640 369 1666 esse
393 1625 607 1666 basilicam
631 1625 756 1666 etiam
789 1640 939 1666 novam
961 1640 970 1666 :
991 1625 1195 1681 majorem
1220 1626 1348 1666 videri
1385 1628 1468 1682 ple-

118 1697 211 1735 bem
229 1727 238 1741 ‚
259 1709 381 1750 quam
400 1710 496 1735 cum
515 1704 653 1736 essent
671 1710 817 1735 omnes
842 1695 961 1736 liberi
980 1711 988 1736 :
1008 1697 1211 1736 lectorem
1234 1696 1466 1752 efflagitari.

119 1764 229 1814 Quid
255 1764 403 1820 plura?
426 1765 574 1805 Milites
600 1765 700 1820 ipsi,
728 1765 798 1820 qui
821 1765 1075 1806 videbantur
1109 1780 1338 1822 occupasse
1364 1766 1468 1807 basi-

116 1833 255 1880 licam,
272 1834 438 1890 cognito
454 1836 567 1888 quod
586 1836 893 1891 praecepissem,
914 1843 959 1876 ut
983 1835 1295 1877 abstinerentur
1318 1850 1337 1875 a
1357 1850 1467 1876 com⁴

67 1903 327 1958 fhmunionis
346 1904 585 1950 consortio;
616 1905 667 1945 ad
685 1913 941 1946 conventum
966 1904 1078 1946 hunc
1106 1915 1295 1947 nostrum
1331 1905 1470 1946 venire

119 1983 349 2030 coeperunt.
375 1974 539 2025 Quibus
564 1974 659 2016 visis
676 2007 686 2022 ,
715 1976 941 2017 turbantur
963 1977 1188 2018 mulierum
1216 1976 1470 2033 animi‚pro-

118 2044 217 2101 ripit
238 2059 281 2085 se
297 2059 389 2086 una,
422 2045 503 2101 Ipsi
526 2054 665 2086 tamen
687 2046 838 2087 milites
856 2062 899 2087 se
934 2048 984 2088 ad
1017 2047 1249 2088 orationem
1277 2047 1438 2089 venisse
1459 2079 1468 2094 ‚

120 2130 203 2155 non
227 2115 277 2155 ad
305 2115 493 2170 praelium
527 2116 822 2171 loquebantur.
863 2116 1068 2158 Clamavit
1103 2117 1240 2172 aliqua
1273 2118 1465 2174 populus.

118 2184 257 2234 Quam
281 2185 520 2240 moderate,
536 2200 661 2241 quam
690 2193 932 2227 constanter
947 2218 956 2233 ‚
979 2201 1105 2242 quam
1128 2185 1308 2228 fideliter
1328 2201 1470 2243 posce-

116 2254 190 2295 bat
210 2287 218 2300 ,
241 2262 287 2295 ut
314 2256 365 2295 ad
388 2255 499 2295 illam
535 2270 806 2312 pergeremus
836 2255 1053 2297 basilleam
1082 2257 1091 2296 l
1126 2256 1174 2297 In
1205 2255 1273 2298 illa
1305 2271 1473 2314 quoque

120 2324 290 2365 basilica
313 2324 444 2366 fertur
467 2326 579 2381 quod
605 2327 785 2383 populus
803 2326 1066 2382 praesentiam
1079 2325 1295 2383 flagitabat
1314 2341 1465 2368 meam.

179 2393 291 2435 XIV.
328 2394 446 2435 Tunc
466 2409 542 2451 ego
571 2395 686 2437 hunc
718 2396 890 2437 adorsus
919 2410 1159 2438 sermonem
1185 2411 1301 2438 sum:
1323 2396 1472 2438 Audis-

121 2462 170 2503 tis
187 2495 197 2510 ,
223 2461 295 2503 filii
311 2495 321 2510 ,
345 2463 501 2504 librum
523 2464 605 2506 Job
627 2464 735 2521 legi,
762 2465 832 2520 qui
855 2465 1034 2518 sole—mni
1058 2480 1234 2507 munere
1251 2466 1474 2507 estdecur-

120 2548 188 2574 sus
211 2540 252 2574 et
272 2540 473 2591 tempore.
503 2534 634 2576 Scivit
655 2548 799 2580 ema
817 2534 932 2577 hunc
948 2535 1105 2578 librum
1127 2536 1254 2578 etiam
1279 2535 1472 2577 diabolus

18 2643 20 2646 .
46 2654 50 2658 .
74 2649 81 2658 .
104 2602 402 2664 *intimandum
420 2636 430 2652 ,
451 2619 536 2660 quo
559 2605 690 2646 virtus
713 2605 848 2648 omnis
866 2621 950 2648 suae
966 2605 1211 2648 tentationis
1230 2605 1414 2662 aperitur
1430 2614 1472 2648 et

122 2668 334 2731 proditum
357 2682 399 2717 et
425 2674 518 2718 ideo
548 2690 592 2718 se
623 2673 750 2719 hodie
781 2684 901 2720 motu
926 2675 1088 2734 majore
1125 2675 1350 2720 concussit.
1388 2674 1471 2720 Sed
