1774 3158
303 218 387 262 386
848 229 882 257 s.
920 227 1117 258 AMBnosn

296 375 1654 396 mmmmmmmwsmmmmmmmmmmmmmm

761 496 1027 542 EPISTOLA
1055 497 1213 542 XXVI.

292 645 572 701 Argumento
588 637 825 695 superioris
842 636 1034 694 epistoloe
1048 637 1243 694 repetito,
1262 637 1322 679 ad
1332 636 1508 679 Judaeos
1523 636 1648 678 adul·

355 719 495 755 tei-am
535 709 709 752 Christo
739 709 936 749 sistentes
967 707 1107 756 rectit,
1140 707 1298 761 quibus
1328 708 1543 764 episcopos
1562 722 1648 748 reo-

348 797 452 826 rum
472 790 658 823 mortem
677 787 981 835 prosequentes
1002 786 1243 834 comparat.
1267 777 1390 819 Hine
1408 778 1548 819 locum
1572 777 1647 819 ubi

349 854 496 897 oblata
537 852 622 911 fuit
648 850 831 899 mulier,
863 864 1108 906 exponens,
1140 849 1191 889 de
1215 849 1470 890 remissione
1503 864 1648 906 pecea-

349 936 494 967 torum
530 921 672 962 multa
709 921 917 974 disputat.
953 919 1176 961 Postremo
1210 919 1410 978 singulas
1448 920 1646 976 ejusdem

340 994 536 1037 historice
549 1000 696 1049 partes
713 1005 767 1031 ex
782 990 1047 1047 Evangelio,
1065 999 1269 1039 recenset,
1285 1001 1415 1045 atque
1426 990 1638 1032 enucleat.

745 1139 995 1182 Ambrosius
1020 1140 1194 1183 Irenaeo.

342 1297 376 1338 Ι.
414 1293 516 1335 Em
546 1289 633 1347 jam
670 1287 886 1345 superiore
927 1287 1100 1344 epistola
1142 1288 1279 1338 hauc,
1318 1304 1446 1345 quam
1482 1303 1641 1346 propo-

281 1365 423 1413 suisti,
450 1360 801 1418 quaestiunculam
828 1358 1104 1405 absolverim
1131 1366 1271 1399 tamen
1295 1358 1450 1414 aliquid
1477 1358 1641 1415 plenius

280 1434 511 1494 requirenti
540 1431 614 1474 tibi
630 1463 641 1480 ‚
664 1439 712 1472 ut
734 1427 820 1471 filio
840 1428 988 1471 afferre
1009 1437 1133 1485 atque
1154 1430 1379 1485 exculpere
1398 1444 1482 1470 non
1500 1443 1642 1486 super-

281 1508 478 1553 sederim.

339 1579 389 1621 11.
429 1576 490 1619 Ac
515 1587 682 1630 semper
703 1570 874 1627 quidem
908 1571 1128 1612 decantata
1163 1569 1359 1626 quaestio,
1389 1579 1433 1612 et
1460 1570 1639 1613 celebris

279 1647 484 1691 absolutio
508 1644 582 1685 fuit
607 1641 792 1683 mulieris
811 1640 901 1695 ejus
919 1673 928 1687 ,
957 1654 1049 1695 quae
1073 1639 1114 1680 in
1138 1639 1245 1681 libro
1268 1639 1505 1696 Evangelii,
1525 1640 1640 1696 quod

278 1718 512 1763 secundum
556 1713 766 1754 Joannem
804 1709 1048 1757 scribitur-¹,
1086 1709 1279 1751 adulterii
1313 1725 1380 1751 rea
1413 1710 1551 1752 oblata
1577 1718 1639 1752 est

277 1790 459 1832 Christo.
494 1786 541 1826 ld
565 1783 677 1825 enim
711 1781 960 1822 Judaeorum
994 1788 1276 1821 commentata
1300 1789 1361 1821 est
1391 1781 1636 1837 tergiversa—

275 1861 358 1907 tio;
380 1867 426 1900 ut
447 1857 479 1898 si
503 1862 649 1897 contra
674 1852 826 1908 Legem
853 1851 1168 1898 absolveretur,
1198 1859 1344 1891 contra
1365 1850 1516 1907 Legem
1541 1865 1636 1907 pro-

276 1919 358 1974 lata
385 1926 554 1971 Domini
576 1924 677 1965 Jesu
706 1921 913 1964 sententia
937 1928 1152 1961 teneretur
1179 1935 1188 1961 τ
1213 1919 1246 1961 si
1274 1929 1413 1961 autem
1439 1921 1634 1962 damnata

277 2009 383 2043 esset
403 2014 453 2039 ex
475 1996 584 2052 Lege
599 2027 608 2042 ,
633 2007 783 2034 vacare
801 1990 956 2032 Christi
987 1990 1198 2030 videretur
1219 1989 1363 2046 gratia.

336 2072 409 2113 Ill.
449 2067 531 2110 Sed
565 2063 856 2107 vehementior
885 2061 992 2102 sacta
1027 2068 1110 2107 est,
1142 2069 1413 2116 posteaquam
1447 2059 1636 2117 episcopi

278 2158 371 2185 roos
399 2138 626 2182 criminum
661 2132 1001 2189 gravissimorum
1041 2130 1079 2171 in
1106 2130 1284 2185 publicis
1313 2129 1480 2186 judiciis
1505 2143 1635 2172 accu-

279 2228 394 2258 sare,
439 2208 503 2250 alii
535 2215 576 2247 et
609 2219 758 2260 urgere
797 2216 931 2257 usque
973 2201 1024 2241 ad
1062 2201 1272 2256 gladium,
1311 2215 1634 2257 supremamque

280 2289 482 2326 mortem,
504 2277 569 2318 alii
596 2273 886 2316 accusationes
911 2271 1179 2325 hujusmodi,
1206 2278 1247 2311 ct
1273 2279 1470 2311 cruentos
1493 2285 1633 2311 sacer-

277 2355 425 2396 dotum
444 2346 679 2402 triumphos
700 2344 878 2400 probare
900 2349 1134 2398 coeperunt.
1158 2341 1273 2391 Quid
1290 2342 1401 2382 enim
1428 2342 1539 2382 aliud
1568 2341 1632 2383 isti

275 2423 423 2467 dicunt
438 2451 449 2469 ,
475 2431 601 2475 quam
623 2415 823 2457 dicebant
838 2411 976 2453 Judaei
999 2425 1093 2452 reos
1115 2411 1340 2452 criminum
1364 2410 1525 2468 legibus
1542 2424 1631 2452 esse

272 2491 453 2553 publicis
477 2485 742 2547 puniendos
778 2491 821 2526 et
842 2482 937 2525 ideo
972 2481 1160 2525 accusari
1189 2496 1260 2524 eos
1287 2481 1415 2524 etiam
1439 2495 1464 2525 a
1491 2496 1631 2524 sacer-

319 2595 328 2609 ·
348 2585 447 2617 Joan.
460 2591 537 2619 vm,
555 2590 566 2611 ι
577 2590 605 2612 ι.
