1774 3158
491 257 772 286 musromnun
806 256 963 286 cmssxs
996 259 1023 286 1.
1358 246 1442 300 349

92 338 201 380 hanc
234 337 418 379 imitatus
450 336 683 378 Auxentius
726 336 910 394 gladium
946 338 1157 379 volantem
1193 352 1267 395 per
1299 352 1445 380 omnes

92 409 219 451 urbes
237 409 399 451 direxit.
420 408 471 449 Et
487 408 658 449 Satanas
674 406 942 464 transfigurat
959 423 1002 449 se
1018 408 1058 450 in
1076 409 1280 466 Angelum
1296 408 1418 452 lucis-¹
1431 441 1442 457 ‚

93 487 134 521 et
156 479 198 520 in
218 482 376 520 malum
395 477 581 520 imitatur
601 478 690 534 ejus
710 478 958 535 potentiam.

148 550 281 592 XVII.
320 549 407 596 Tu,
432 549 613 591 Domine
640 548 768 597 Jesu,
795 563 880 589 uno
903 557 1121 591 momento
1145 551 1352 592 mundum
1376 566 1444 591 re-

94 620 257 663 demisti
283 635 292 662 :
320 620 551 662 Auxentius
584 635 667 661 uno
694 627 909 661 momento
946 628 1007 661 tot
1036 621 1240 677 populos,
1266 622 1378 677 quod
1401 621 1442 663 in

95 691 183 748 ipso
205 699 291 739 est,
316 691 546 733 trucidabit
567 723 576 739 ‚
605 691 706 733 alios
736 691 894 748 gladio,
925 691 1023 732 alios
1042 690 1288 747 sacrilegio?
1312 692 1444 733 Meam

92 761 314 804 Basilicam
340 761 444 818 petit
461 769 638 802 cruento
661 775 732 802 ore
750 794 758 808 ,
782 760 1114 818 sanguinolentis
1137 761 1343 802 manibus.
1368 761 1445 803 Cui

93 830 202 873 hene
233 846 415 889 praesens
449 832 666 888 respondit
697 832 849 873 lectio:
879 849 893 869 α
925 831 1142 873 Peccatori
1178 840 1316 873 autem
1344 832 1445 872 dixit

95 902 236 944 »Deus
260 917 269 942 :
296 902 438 953 Quare
468 910 515 943 tu
543 917 711 943 enarras
745 902 926 958 justitias
954 901 1120 944 meas²i³
1142 921 1156 941 n
1185 904 1226 944 id
1249 911 1333 951 est,
1360 918 1444 944 non

95 973 290 1014 convenit
308 971 400 1030 paci
428 981 468 1014 et
485 972 616 1014 furori
634 1005 644 1021 ,
681 988 764 1014 non
792 973 988 1015 convenit
1011 974 1178 1015 Christo
1201 983 1242 1015 et
1267 973 1440 1017 Belial³.

93 1042 337 1086 Meministis
356 1043 482 1084 etiam
507 1045 618 1099 quod
636 1044 794 1085 lectum
813 1053 875 1086 est
895 1044 1020 1086 bodie
1038 1044 1231 1087 Nabuthe
1254 1054 1444 1087 sanctum

94 1113 230 1155 virum
270 1128 552 1169 possessorem
589 1114 722 1155 vineae
759 1129 843 1155 suae
860 1148 869 1163 ‚
911 1115 1222 1171 interpellatum
1245 1117 1448 1173 petitione

94 1184 232 1242 regia,
265 1193 313 1226 ut
341 1187 503 1226 vineam
537 1200 654 1225 suam
690 1185 832 1233 daret3
859 1185 930 1226 ubi
961 1201 1033 1227 rex
1061 1187 1233 1228 succisis
1265 1188 1441 1236 vitibus,

94 1255 184 1295 olus
220 1254 299 1295 vile
335 1263 519 1303 sereret,
556 1270 738 1311 eumque
771 1256 1069 1312 respondisse:
1100 1258 1257 1299 «Absit
1290 1267 1336 1299 ut
1366 1274 1442 1315 ego

94 1332 290 1382 »patrum
313 1339 508 1366 meorum
527 1327 688 1366 tradam
711 1326 1047 1376 hzereditatem³¹3
1069 1347 1083 1367 n
1111 1344 1249 1385 regen]
1271 1331 1444 1372 contris—

95 1402 227 1436 tatum
248 1408 364 1442 esse,
400 1395 513 1450 quod
544 1394 621 1435 sibi
650 1404 759 1437 esset
788 1396 969 1437 alienum
1002 1386 1086 1453 jus)
1103 1399 1307 1440 relatione
1331 1399 1443 1456 justa

94 1473 292 1521 negatum
309 1496 319 1511 ‚
341 1465 415 1505 sed
436 1464 632 1505 muliebri
660 1465 837 1506 consilio
860 1468 1098 1522 deceptum.
1127 1467 1324 1510 Nabuthe
1340 1471 1442 1512 vites

95 1550 189 1578 suas
211 1535 276 1576 vel
297 1534 468 1591 proprio
488 1549 639 1576 cruore
657 1535 856 1576 defendit.
883 1534 925 1576 Si
942 1525 1010 1577 ille
1025 1537 1187 1579 vineam
1211 1554 1295 1580 nou
1316 1540 1447 1582 tradi-

97 1605 157 1648 dit
176 1620 320 1653 suam‚
344 1619 420 1646 nos
459 1606 672 1646 trademus
704 1605 936 1647 Ecclesiam
961 1606 1148 1650 Christi?

153 1675 307 1718 XVIII.
341 1675 455 1726 Quid
477 1675 606 1732 igitur
630 1691 650 1717 a
672 1691 740 1717 mc
761 1691 1005 1734 responsum
1029 1687 1091 1720 est
1114 1682 1447 1724 contumaciter?

95 1745 189 1790 Dixi
214 1746 327 1788 enim
351 1755 582 1788 conventus
609 1761 618 1787 ε
646 1747 768 1789 Absit
791 1763 811 1789 a
833 1763 901 1789 me
923 1757 969 1790 ut
995 1750 1155 1792 tradam
1182 1751 1337 1794 Christi
1359 1753 1447 1795 hae-

96 1818 333 1860 reditatem.
369 1816 411 1858 Si
436 1817 505 1859 ille
526 1825 694 1874 patrum
721 1818 1009 1861 haereditatem
1031 1836 1116 1862 non
1151 1824 1346 1871 tradidit,
1371 1840 1447 1882 ego

97 1889 260 1930 tradam
289 1886 443 1928 Christi
467 1886 789 1928 haereditatem?
812 1888 894 1930 Sed
917 1898 957 1930 et
979 1889 1060 1932 hoc
1085 1892 1224 1933 addidi
1251 1908 1260 1934 τ
1292 1911 1307 1932 α
1329 1894 1450 1937 Absit

99 1966 174 1998 »ut
193 1958 355 1999 tradam
375 1955 664 1998 haereditatem
690 1966 856 2013 patrum
874 1991 883 2005 ,
908 1977 924 1997 »
951 1958 1032 2000 hoc
1052 1969 1136 2009 est,
1161 1963 1449 2006 haereditatem

97 2027 314 2084 Dionysii,
337 2028 408 2083 qni
436 2026 479 2067 in
503 2027 626 2069 exilio
647 2027 687 2068 in
707 2042 831 2069 causa
853 2027 951 2070 fidei
967 2029 1188 2073 defunctus
1210 2041 1292 2085 est,
1316 2033 1452 2076 haete·

100 2100 272 2142 ditatem
285 2098 497 2155 Eustorgii
513 2098 780 2146 confessoris,
800 2099 1087 2142 haereditatem
1102 2102 1297 2158 Mfroclis
1317 2106 1452 2162 (150),

101 2178 226 2226 atque
249 2169 439 2211 omnium
459 2178 571 2210 retro
590 2168 778 2211 fidelium
797 2171 1105 2228 episcoporum.
1124 2173 1335 2230 Respondi
1356 2191 1450 2232 ego,

100 2242 216 2297 quod
242 2239 470 2282 sacerdotis
491 2247 553 2281 est
574 2255 583 2278 :
609 2240 723 2295 quod
741 2240 1003 2296 imperatoris
1027 2251 1110 2290 est,
1138 2243 1261 2285 saciat
1281 2245 1455 2302 impera·

101 2318 178 2352 tor.
206 2309 324 2351 Prius
347 2317 408 2350 est
433 2317 479 2349 ut
507 2308 686 2350 animam
711 2310 839 2358 mihi,
865 2325 989 2366 quam
1013 2311 1140 2354 fidem
1159 2314 1328 2356 auferat.

158 2380 278 2422 XIX.
319 2379 372 2421 At
395 2378 462 2420 cui
485 2378 679 2420 tradam?
708 2380 892 2422 Praesens
913 2381 1040 2423 lectio
1067 2383 1276 2440 Evangelii
1304 2387 1457 2427 docere

103 2464 178 2492 nos
196 2449 346 2497 debet,
363 2448 464 2506 quid
478 2456 667 2506 petatur,
689 2465 710 2491 a
734 2451 884 2506 quibus
901 2461 1082 2510 petatur.
1104 2454 1289 2497 Audistis
1307 2471 1458 2513 nempe

151 2559 161 2574 ¹
178 2563 193 2584 π
212 2553 291 2586 Cor.
310 2563 356 2591 xi,
376 2551 426 2589 ¹4·
442 2569 481 2576 —
501 2561 512 2575 ²
537 2551 618 2586 Psal.
636 2553 791 2592 xmx,16.
823 2571 863 2580 -x
891 2555 905 2579 ⁵
927 2565 941 2584 2
959 2554 1038 2589 Cor.
1065 2566 1109 2593 v1‚
1142 2556 1188 2586 15.
1220 2573 1258 2581 .-
1289 2558 1302 2582 4
1332 2555 1349 2585 3
1379 2557 1458 2599 Reg.

106 2617 160 2639 xxx
177 2631 184 2642 .
211 2617 239 2638 ο.
