1774 3158
295 283 374 311 200
843 283 872 308 S·
914 282 1103 310 AMBROsu

289 357 447 412 indiget
473 356 735 405 testimonio,
761 358 874 413 quod
900 359 1148 414 plerumque
1172 358 1373 414 quaeritur
1401 361 1548 417 pretio.
1575 361 1631 402 Ea

287 440 385 481 ergo
420 425 493 466 tibi
527 426 716 482 locuples
748 426 912 468 videtur
948 430 998 470 ad
1025 427 1176 476 fidem,
1214 443 1304 484 quae
1341 438 1382 471 et
1412 430 1559 471 redimi
1593 438 1634 472 et

286 494 372 535 salli
404 502 564 550 potest3
595 503 641 536 nt
661 505 832 537 excuset
853 512 964 539 ream
984 531 993 545 ,
1024 506 1065 539 et
1088 498 1246 539 crimea
1274 507 1404 555 tegat,
1441 508 1510 540 aut
1541 514 1635 549 nes-

259 574 263 577 ’
287 563 392 609 ciat,
416 573 457 604 et
480 579 564 605 non
587 565 716 621 possit
734 565 938 622 flagitium
965 567 1313 624 deprehendere?

336 631 480 675 χΧνΙΙ.
520 633 663 689 Neque
695 649 793 676 vero
834 636 939 677 illud
979 636 1138 691 justum
1175 636 1355 677 arbitror
1371 669 1380 684 ,
1421 637 1533 693 quod
1556 637 1637 679 tuis

287 702 644 758 comprehendisti
668 704 818 746 litteris
839 737 849 753 ,
874 706 969 760 quia
988 705 1064 746 nisi
1084 705 1269 761 inspecta
1291 705 1437 753 suerit,
1466 706 1639 762 integri-

287 781 347 813 tas
371 773 653 828 periclitetur,
677 784 720 816 et
741 775 902 817 incerto
924 776 987 817 sui
1011 776 1201 817 fluctuet.
1232 776 1340 831 Ergo
1361 791 1506 817 omnes
1546 791 1638 832 quae

286 842 484 898 inspectae
508 858 590 884 non
614 853 730 892 sunt,
756 845 990 902 periculum
1008 845 1230 886 subierunt
1249 844 1455 902 pudoris?
1481 845 1642 901 Ergoet

289 927 380 966 qua}
411 921 601 968 nupturae
615 923 728 962 sunt,
745 915 858 971 prius
877 914 1178 973 inspiciantur,⁵
1192 915 1405 956 utnnbant
1423 915 1640 972 probati0—

287 981 493 1038 resPErgo
511 993 551 1024 et
574 998 666 1039 qnae
688 985 872 1025 velandae
894 993 1007 1032 sunt,
1024 985 1136 1040 prius
1160 984 1433 1040 subjicienda)
1446 992 1543 1024 sunt
1559 983 1641 1025 hu·

291 1049 471 1102 jusmodi
494 1053 774 1095 attrectationi
793 1070 803 1100 ;
827 1068 911 1093 non
938 1053 1049 1093 enim
1064 1053 1306 1101 visitantur,
1328 1055 1402 1094 sed
1419 1061 1643 1095 attrectan-

293 1127 360 1159 tur
378 1134 386 1160 :
405 1128 445 1160 et
463 1121 617 1162 rectius
635 1123 869 1163 secundum
893 1130 1006 1163 tuam
1027 1122 1276 1163 sententiam
1296 1122 1539 1178 inspicitur,
1559 1136 1643 1163 non

294 1188 494 1245 probata,
521 1206 644 1245 quam
669 1199 930 1232 consecrata.

354 1258 463 1301 thl.
502 1260 638 1310 Quid,
661 1262 772 1316 qnod
791 1261 916 1302 etiam
941 1261 1017 1318 ipsi
1052 1260 1248 1319 archiatri
1269 1261 1365 1317 (74)
1393 1261 1540 1302 diCunt
1563 1277 1645 1302 non

298 1329 394 1371 satis
426 1330 584 1386 liquido
618 1331 920 1388 comprehendi
962 1320 1234 1389 inspectionis
1272 1331 1399 1373 fidem
1426 1364 1436 1380 ,
1473 1341 1514 1374 et
1550 1332 1647 1389 ipsis

296 1399 516 1441 medicinae
539 1400 710 1442 vetustis
729 1401 972 1442 doctoribus
991 1402 1032 1442 id
1051 1401 1266 1443 sententia}
1287 1400 1527 1444 si1isse‘2'Nos
1546 1417 1649 1457 quo-

299 1484 380 1524 que
401 1484 478 1510 usu
496 1469 577 1511 hoc
600 1470 894 1526 eognovimus,
920 1485 1027 1526 saepe
1051 1470 1160 1511 inter
1183 1471 1430 1512 obstetrices
1452 1471 1648 1512 obortam

298 1538 542 1580 varietatem
559 1570 569 1586 ,
594 1547 635 1580 et
657 1539 929 1595 quaestionem
952 1540 1200 1588 excitatam;
1231 1541 1386 1596 utplus
1411 1539 1647 1581 dubitatum

299 1609 352 1650 sit
375 1610 425 1649 de
446 1623 510 1660 ea,
533 1624 624 1664 qnze
648 1609 949 1665 inspiciendam
987 1625 1030 1650 se
1059 1610 1311 1665 praebuerit,
1351 1609 1561 1665 qnam'de
1601 1623 1651 1650 ea

300 1693 392 1734 quae
415 1692 499 1718 non
522 1678 646 1719 suerit
670 1678 868 1734 inspecta.
901 1678 1115 1734 Siquidem
1137 1686 1178 1719 et
1200 1679 1390 1735 proximo
1413 1679 1454 1720 id
1477 1693 1651 1736 compe-

256 1789 261 1792 ,
301 1749 432 1789 rimus
453 1749 645 1805 exemplo
671 1762 679 1788 :
703 1763 797 1788 nam
821 1748 1012 1804 quaedam
1036 1749 1289 1807 conditionis
1325 1749 1483 1790 servilis
1521 1749 1651 1791 Altini

302 1818 489 1873 inspecta
510 1826 552 1858 et
576 1817 778 1866 refutata,
803 1827 947 1874 postea
971 1818 1193 1860 Mediolani
1231 1833 1313 1859 non
1352 1834 1447 1860 meo
1481 1819 1651 1875 quidem

299 1889 440 1945 jussu,
468 1888 540 1929 sed
569 1888 735 1930 Nicenti
757 1905 807 1930 ex
831 1889 999 1930 tribuno
1026 1897 1066 1930 et
1089 1889 1251 1931 notario
1283 1888 1442 1930 domini
1480 1889 1545 1930 vel
1585 1904 1654 1946 pa-

303 1959 411 2001 troni
456 1957 518 1999 sui
552 1959 767 2000 voluntate
801 1959 962 2000 visitata
981 1967 1043 2001 est
1067 1974 1087 1999 a
1108 1958 1356 2016 peritissima
1381 1966 1422 1999 et
1452 1959 1652 2015 locupleti

300 2029 470 2070 soemina
503 2028 749 2084 hujusmodi
785 2030 906 2076 artis;
932 2038 974 2070 et
999 2044 1096 2070 cum
1118 2028 1241 2069 simul
1265 2028 1337 2069 ista
1363 2036 1649 2085 suppeterent,

302 2107 350 2140 ut
373 2114 509 2155 neque
531 2107 756 2155 paupertas
787 2098 1022 2140 obstetricis
1046 2106 1283 2155 suspectam
1307 2098 1464 2139 faceret
1487 2096 1615 2139 fidem
1642 2129 1652 2146 ,

300 2182 439 2223 neque
451 2168 688 2210 indocilitas
704 2167 973 2224 imperitiam,
989 2176 1129 2209 tamen
1148 2167 1287 2209 adhuc
1301 2175 1443 2208 manet
1460 2166 1647 2222 quaestio.

355 2239 429 2281 IX.
453 2238 567 2289 Quid
586 2238 744 2295 profuit
767 2239 893 2295 igitur
916 2253 1007 2280 eam
1034 2238 1199 2295 inspici,
1214 2252 1311 2280 cum
1325 2237 1541 2280 damnatio
1560 2253 1645 2279 ma-

294 2307 421 2350 neat?
443 2307 547 2350 Nam
570 2317 614 2349 ut
636 2307 812 2364 quisque
836 2308 1042 2357 voluerit,
1070 2316 1140 2350 aut
1157 2307 1395 2364 imperitam
1417 2307 1644 2354 medicam,

296 2384 366 2418 aut
384 2376 645 2433 redemptam
671 2386 850 2426 asseret;
871 2378 923 2420 ita
946 2378 1034 2419 sine
1052 2377 1206 2420 effectu
1225 2377 1310 2418 ullo
1329 2376 1479 2433 injuria
1494 2376 1656 2434 inspec-

292 2446 416 2488 tionis
453 2455 528 2488 est.
560 2446 675 2499 Quid
718 2446 869 2488 deinde
889 2447 959 2489 fiet
979 2448 997 2489 Ξ)
1017 2447 1384 2502 Quotiescumque
1405 2446 1651 2497 emerserit,

297 2516 470 2572 quinon
488 2517 631 2558 credat
645 2549 655 2565 ,
679 2515 801 2559 toties
821 2517 936 2575 virgo
958 2515 1277 2560 attrectabitur?
1295 2515 1397 2558 Nam
1411 2514 1443 2556 si
1464 2529 1651 2572 unquam

289 2602 332 2630 se
354 2586 605 2632 visitandam
630 2587 827 2631 annuerit
846 2621 857 2638 ‚
901 2589 1136 2634 secundum
1159 2586 1428 2632 assertionem
1451 2594 1566 2630 tuam
1596 2586 1652 2630 de
