1774 3158
329 205 384 263 94
889 218 920 244 s.
959 215 1151 246 AMBnosu

326 311 406 352 qne
435 294 563 337 dicit:
592 289 908 337 Correctionem
940 295 1170 351 juventutis
1199 311 1302 338 meae
1332 311 1384 338 ne
1416 295 1669 340 memineris.

326 366 453 406 Error
470 365 510 406 in
533 364 724 421 pluribus
747 373 835 413 est,
860 363 902 406 in
927 365 1068 421 paucis
1087 367 1310 408 correctio.

385 432 477 475 XV.
516 433 565 474 Et
588 433 688 490 quid
710 433 794 489 jam
819 434 869 475 de
892 435 979 476 aliis
1002 435 1163 483 dicam,
1183 436 1254 491 qui
1271 435 1394 477 etiam
1412 437 1512 478 ludo
1530 435 1674 491 juven-

329 503 425 545 tutis
444 502 650 560 putaverit
672 502 985 549 abstinendum,
1007 506 1278 546 resecandam
1296 504 1426 546 aetatis
1444 505 1671 553 licentiam,

327 573 555 614 severitatis
572 572 752 630 publicae
770 572 966 613 duritiem
985 574 1256 616 molliendam
1272 606 1282 621 ,
1300 574 1513 616 lenitatem
1536 589 1676 616 senec-

326 642 423 684 tutis
455 642 494 683 in
533 642 675 684 alienis
710 642 826 684 annis
863 642 1129 684 deserendam
1167 643 1226 690 ei,
1260 644 1330 699 qui
1367 643 1409 684 in
1439 643 1674 699 pericnlum

326 712 506 753 convicti
528 711 713 753 criminis
743 711 999 753 vocaretur?
1024 712 1259 753 Ferebatur
1291 713 1425 769 primo
1453 713 1562 754 ludis
1591 713 1674 754 cir-

326 782 522 822 censibus
553 781 752 823 delectari
774 797 782 822 :
810 782 869 823 sic
900 782 1013 823 istud
1036 782 1254 829 abstersit,
1278 792 1321 824 ut
1344 797 1397 823 ne
1419 783 1673 823 solemnibus

324 850 493 907 quidem
515 850 752 908 principum
771 851 1002 899 natalibus,
1027 853 1091 893 vel
1108 851 1331 908 imperialis
1353 851 1522 892 honoris
1544 852 1674 908 gratia

322 920 530 962 circenses
559 928 728 978 putaret
755 935 845 962 esse
877 921 1155 962 celebrandos
1190 920 1294 976 (51).
1340 921 1519 962 Aiebant
1548 921 1673 975 aliqui

321 988 506 1030 serarum
528 1005 626 1031 eum
647 990 938 1031 venationibus
958 989 1183 1047 occupari,
1205 999 1328 1045 atque
1351 990 1401 1030 ab
1425 990 1585 1030 actibus
1602 1004 1674 1046 pu-

322 1059 442 1100 blicis
463 1059 740 1102 intentionem
760 1060 850 1116 ejus
868 1060 1021 1102 abduci
1044 1075 1052 1100 z
1074 1075 1219 1102 omnes
1236 1060 1342 1102 seras
1360 1074 1442 1101 uno
1460 1069 1673 1101 momento

321 1128 443 1184 jussit
466 1128 661 1171 interfici.

378 1197 490 1241 XVI.
529 1199 688 1242 Audire
708 1200 748 1242 in
773 1200 1020 1242 consistorio
1040 1199 1205 1255 negotia
1219 1232 1229 1249 ,
1250 1209 1291 1241 et
1306 1199 1489 1241 Danielis
1505 1199 1671 1256 spiritu,
1694 1213 1699 1218 ·

321 1267 362 1308 in
385 1268 536 1324 quibus
561 1268 802 1311 dubitarent
822 1285 963 1318 senes,
988 1271 1054 1312 vel
1076 1285 1264 1326 personae
1281 1269 1458 1326 alicujus
1482 1270 1674 1311 contuitu

321 1337 595 1386 ducerentur,
635 1353 866 1395 congruam
901 1354 1000 1380 vero
1033 1340 1342 1381 adolescentem
1372 1340 1532 1381 videres
1561 1340 1672 1381 seni·

319 1406 486 1462 lemque
510 1406 618 1448 l'erre
642 1408 908 1451 sententiam.
930 1409 1158 1451 <lactabant
1179 1410 1333 1458 invidi,
1358 1410 1472 1465 quod
1494 1424 1673 1466 praema-

320 1485 413 1518 ture
435 1476 659 1533 prandium
684 1487 847 1535 peteret
868 1496 878 1527 3
904 1480 1031 1536 coepit
1059 1480 1114 1521 ita
1138 1480 1403 1535 frequentare
1431 1478 1640 1535 jejunium
1657 1511 1669 1527 ‚

320 1554 364 1587 ut
407 1548 657 1603 plerumque
695 1548 783 1603 ipse
819 1549 1053 1606 impransus
1087 1550 1325 1591 convivium
1368 1550 1553 1591 solemne
1589 1549 1671 1590 suis

321 1616 554 1671 Comitibus
573 1616 791 1658 exhiberet
815 1634 823 1659 :
854 1634 935 1675 quo
968 1629 1009 1661 et
1032 1619 1221 1676 religioni
1244 1634 1370 1662 sacrae
1397 1618 1669 1667 satisfaceret,

313 1695 355 1727 et
377 1686 579 1743 principis
597 1685 866 1730 humanitati.

373 1756 505 1800 XVII.
542 1756 727 1799 Scenicae
751 1758 969 1815 cujusdam
989 1760 1120 1801 forma
1145 1775 1191 1802 ac
1212 1761 1364 1801 decore
1382 1757 1572 1815 deperire
1592 1758 1672 1801 Ro-

316 1841 393 1869 mae
424 1827 715 1870 adolescentes
746 1829 907 1871 nobiles
931 1831 1206 1873 nuntiabatur
1231 1846 1239 1872 :
1264 1830 1385 1887 jussit
1409 1845 1499 1871 eam
1526 1829 1575 1871 ad
1598 1844 1671 1871 co-

313 1897 508 1940 mitatum
532 1898 688 1940 venire.
724 1899 870 1942 Missus
904 1902 1036 1957 pretio
1069 1903 1339 1959 depravatus,
1376 1900 1463 1942 sine
1487 1900 1672 1942 mandati

315 1968 469 2011 effectu
492 1969 616 2010 rediit
644 1985 652 2010 :
679 1971 856 2012 alterum
879 1972 1016 2021 misit,
1050 1989 1101 2014 ne
1130 1972 1304 2013 voluisse
1326 1973 1551 2013 emendare
1573 1971 1670 2012 vitia

319 2041 655 2089 adolescentum,
689 2050 731 2082 et
761 2057 844 2083 non
873 2044 1061 2098 potuisse
1090 2045 1310 2084 videretur.
1345 2043 1472 2084 Datus
1504 2050 1564 2084 est
1592 2042 1668 2083 ob-

318 2112 525 2153 trectandi
551 2112 757 2168 aliquibus
780 2114 921 2160 locus3
953 2114 1177 2154 deductam
1204 2122 1341 2154 tamen
1363 2127 1578 2168 nunquam
1600 2121 1670 2154 aut

317 2182 540 2239 spectavit,
568 2190 638 2223 aut
661 2182 774 2224 vidit.
805 2183 952 2225 Postea
976 2184 1112 2225 redire
1136 2184 1363 2240 praecepit3
1391 2192 1435 2225 ut
1461 2192 1503 2225 et
1524 2199 1668 2224 omnes

315 2264 586 2308 agnoscerent
608 2252 771 2293 irritum
796 2252 886 2309 ejus
916 2268 999 2294 non
1023 2268 1111 2294 esse
1135 2254 1381 2295 mandatum
1398 2286 1410 2303 ,
1440 2262 1481 2295 et
1513 2254 1669 2295 adoles-

314 2332 454 2365 centes
488 2325 662 2365 doceret
687 2323 737 2364 ab
777 2338 917 2364 amore
941 2323 1128 2364 mulieris
1147 2332 1408 2380 temperare,
1433 2339 1557 2380 quam
1580 2324 1667 2381 ipse

313 2394 384 2451 qni
412 2394 548 2450 potuit
571 2393 727 2434 habere
749 2393 790 2434 in
813 2401 1043 2450 potestate,
1071 2394 1328 2450 despexerat.
1356 2394 1408 2435 Et
1425 2394 1514 2435 haec
1540 2394 1663 2443 fecit,

313 2479 411 2507 cum
435 2465 572 2507 adhuc
597 2478 682 2506 non
703 2463 877 2505 haberet
903 2478 1076 2505 uxorem
1098 2496 1107 2511 ,
1132 2472 1174 2506 et
1205 2472 1344 2506 tamen
1365 2464 1582 2507 exhiberet
1604 2465 1666 2506 sui

313 2545 511 2594 tanquam
535 2535 698 2578 vinctus
722 2534 923 2593 conjugio
946 2534 1195 2578 castitatem.
1237 2534 1341 2587 Quis
1364 2544 1448 2579 tam
1472 2535 1665 2581 dominus
