1774 3158
394 224 442 248 01⁴2
477 223 568 248 1³11)ss
604 221 809 247 1·.·1·25Ur.n1>zc
825 222 970 254 1'10315,
1008 224 1084 250 Lm.
1124 224 1164 250 11.
1404 211 1457 251 85

112 316 226 343 avem
250 315 292 341 se
314 299 438 341 fuisse
472 299 640 340 sortasse
673 298 920 339 crediderat.
954 300 1056 341 Hine
1081 302 1204 342 etiam
1231 316 1349 343 senes
1376 303 1459 357 ple·

112 371 227 426 rique
245 370 405 424 decepti
427 377 538 415 suut,
560 377 604 408 ut
620 369 732 423 gravi
758 369 1083 410 immorerentur
1105 372 1254 417 dolori,
1281 372 1457 428 Cygneis

111 440 217 480 male
247 438 405 479 creduli
437 438 585 479 sabulis
615 438 723 492 (20),
752 440 849 478 dum
883 447 1031 494 putant
1062 441 1241 480 modulis
1273 457 1314 481 5(-
1349 442 1459 481 mui-

111 509 242 549 ccndo
271 507 478 547 flebilibus
518 508 727 547 albentem
752 507 866 547 molli
891 509 1030 562 pluma
1055 517 1217 549 mutare
1243 510 1453 550 canitiem.

170 575 387 618 CXXXII.
424 576 521 617 Haec
564 590 687 630 quam
731 576 1016 617 incredibilia!
1065 593 1186 632 quam
1228 579 1455 618 deformia!

112 647 277 697 Quanto
302 647 404 686 illud
424 655 486 687 est
509 646 847 696 convenientius,
879 655 923 686 ut
957 647 1101 687 credas
1129 648 1363 687 secuudum
1390 664 1458 687 na-

112 725 260 763 turam,
289 717 434 757 credas
459 716 691 755 secundum
710 730 834 756 usum
853 716 1064 757 fructuum
1086 725 1351 763 caeterorum,
1371 731 1459 756 cre-

111 788 181 827 das
203 788 434 827 secundum
465 794 676 842 gestorum
703 788 914 841 exempla,
942 788 1110 827 oracula
1137 787 1457 842 Prophetarum,

56 893 58 895 .
112 856 265 897 Christi
292 858 460 897 coeleste
482 857 751 913 promissum.
776 857 886 907 Quid
912 872 1008 897 vero
1029 858 1311 913 praestantius,
1333 873 1459 912 quam

112 935 157 968 ut
178 941 281 982 opus
302 926 376 967 Dei
399 926 561 981 judices
585 942 669 967 non
693 926 845 982 perire,
866 935 906 968 et
922 923 1155 968 secundum
1176 926 1397 983 imaginem
1421 934 1462 967 et

110 995 423 1036 similitudinem
454 997 532 1036 Dei
562 995 690 1036 factos
718 995 929 1036 transferri
964 1011 1047 1036 non
1078 1011 1201 1052 posse
1235 996 1273 1035 in
1305 994 1461 1050 effigies

110 1065 360 1113 bestiarum;
388 1080 483 1106 cum
520 1066 665 1121 utique
694 1065 744 1106 ad
773 1065 1089 1106 similitudinem
1113 1065 1186 1107 Dei
1211 1080 1293 1106 non
1318 1079 1463 1121 corpo-

111 1136 164 1178 ris
186 1136 237 1177 sit
260 1136 418 1192 imago,
455 1137 527 1177 sed
557 1136 758 1193 spiritus?
787 1136 889 1178 Nam
921 1136 1280 1192 quemadmodum
1313 1136 1452 1182 homo,

111 1206 180 1248 cui
201 1206 392 1262 subjecta
409 1215 504 1247 suut
527 1206 802 1247 animantium
828 1219 979 1263 genera
1003 1214 1269 1253 caeterorum,
1294 1206 1334 1246 in
1360 1205 1459 1245 sub·

112 1275 267 1329 iectum
292 1276 369 1317 sibi
395 1275 546 1317 animat
576 1276 751 1317 meliore
781 1276 842 1317 sui
873 1285 991 1332 parte
1020 1275 1257 1332 demigret?
1278 1275 1369 1318 Non
1394 1290 1462 1330 pa-

112 1347 212 1388 titur
237 1347 318 1388 hoc
352 1355 498 1388 natura
518 1379 526 1394 ,
561 1355 601 1387 ct
629 1346 660 1387 si
689 1354 903 1403 pateretur
930 1355 1103 1395 natura,
1132 1361 1217 1387 non
1247 1354 1462 1403 pateretur

110 1418 254 1474 gratia.

169 1485 408 1529 CXXXIII.
447 1486 530 1528 Sed
553 1487 695 1528 videro
729 1486 829 1542 quid
858 1502 928 1528 vos
954 1488 1004 1528 de
1025 1487 1158 1535 vobis,
1186 1494 1347 1543 gentes,
1377 1484 1463 1541 opi-

111 1557 246 1599 nionis
274 1556 482 1605 habeati53
514 1572 650 1612 neque
681 1558 792 1598 enim
825 1557 978 1598 mirum
1011 1557 1136 1598 debet
1166 1555 1312 1603 videri,
1348 1555 1462 1610 quod

112 1627 278 1669 creditis
304 1643 373 1669 vos
402 1628 442 1668 in
467 1628 617 1669 bestias
639 1643 759 1684 posse
786 1627 954 1676 mutari,
986 1628 1057 1683 qui
1079 1627 1231 1668 bestias
1262 1624 1457 1667 adoratis.

110 1698 196 1754 Ego
223 1706 362 1739 tamen
391 1698 533 1739 malim
565 1699 615 1738 de
645 1706 782 1738 vestro
806 1697 955 1739 merito
984 1698 1132 1738 melius
1164 1695 1384 1751 judicetis;
1417 1703 1461 1736 ut

113 1783 195 1810 non
222 1769 330 1809 inter
350 1776 482 1809 coetus
507 1768 708 1815 serarum,
732 1769 805 1810 sed
825 1768 933 1810 inter
963 1768 1221 1825 Angelorum
1250 1765 1462 1808 consortia

112 1853 182 1879 vos
202 1838 380 1879 credatis
397 1837 573 1879 futuros.

171 1906 406 1949 CXXXIV.
442 1907 579 1949 Habet
610 1908 772 1949 animus
806 1922 857 1949 ex
898 1907 981 1948 hoc
1013 1906 1097 1962 jam
1127 1906 1221 1947 vitae
1254 1906 1460 1951 anfractu,

113 1984 153 2017 et
175 1976 329 2017 terreni
353 1977 539 2032 corporis
561 1977 798 2019 colluvione
820 1977 1053 2024 discedere,
1072 1984 1113 2017 et
1130 1977 1181 2017 ad
1200 1975 1268 2017 illa
1286 1973 1464 2016 concilia

113 2060 290 2102 superna
312 2045 588 2095 contendere,
608 2046 684 2087 etsi
703 2054 944 2087 sanctorum
966 2046 1017 2087 sit
1039 2044 1275 2102 pervenire,
1294 2044 1464 2085 laudem

115 2115 254 2156 dicere
274 2115 380 2164 Deo,
406 2117 558 2171 (quam
593 2116 887 2158 citharizantes
919 2116 1009 2157 illos
1043 2116 1182 2157 dicere
1218 2113 1466 2170 prophetica

113 2185 293 2226 lectione
320 2185 602 2242 comperimus
625 2200 667 2226 3«
686 2185 793 2236 Quia
817 2200 965 2242 magna
993 2184 1198 2226 mirabilia
1226 2198 1352 2240 opera
1376 2191 1464 2229 tua,

114 2255 322 2297 »Domine
342 2255 455 2296 Deus
488 2255 912 2311 omnipotenszjustae
941 2263 982 2296 et
1008 2269 1114 2295 verae
1145 2254 1219 2294 viae
1249 2261 1351 2298 tum,
1376 2252 1467 2292 Rex

116 2344 131 2364 »
145 2325 353 2382 gentium!
376 2325 479 2376 Quis
495 2326 781 2372 nontimebit,
799 2334 839 2366 et
851 2324 1302 2382 magnificabitnomen
1319 2331 1436 2363 tuum
1452 2336 1462 2368 ;

115 2414 130 2433 n
145 2396 238 2451 quia
258 2396 367 2436 solus
391 2403 560 2436 sanctus
582 2411 641 2443 es,
664 2395 759 2451 quia
781 2409 925 2436 omnes
948 2403 1092 2452 gentes
1114 2394 1283 2435 venient
1304 2401 1344 2433 et
1369 2393 1464 2432 ado-

118 2464 297 2504 »rabunt
322 2472 418 2505 ante
448 2463 530 2519 te¹)
559 2464 701 2506 videre
728 2479 897 2520 quoque
927 2472 1034 2512 tuas,
1064 2462 1182 2511 Jesu,
1219 2461 1399 2518 nuptias,
1428 2459 1467 2499 in

162 2553 170 2567 ¹
202 2545 302 2586 Apoc.
320 2554 371 2580 xv,
386 2544 419 2582 5,
433 2545 465 2580 4.
