1774 3158
593 276 927 306 ΑΝΝοΤΑΤιοΝΕε.
1353 258 1438 310 485

83 371 168 399 non
192 365 278 399 tam
312 354 670 402 dissimulassent,
703 360 830 409 quam
864 351 1217 399 confirmassent3
1244 367 1264 393 a
1289 365 1440 392 recen-

85 426 261 468 tion-ihus
289 425 451 467 deserta
476 425 553 466 suit
583 440 631 466 ea
659 422 888 480 responsio.
935 422 1084 478 Itaque
1106 422 1228 478 Angli
1251 422 1439 463 editores

85 494 274 554 Operum
299 496 498 554 Cypriani
514 529 525 544 ‚
547 504 593 537 ut
616 494 741 551 hujus
763 493 895 536 sancti
918 493 1212 535 auctoritatem
1236 493 1317 534 hac
1335 493 1375 534 in
1393 508 1439 534 re

81 569 329 616 eluderent,
353 568 530 608 multum
553 566 684 608 sedin
707 579 861 607 vanum
879 565 1191 606 laboraverunt.
1214 564 1352 606 Locus
1375 573 1440 606 est

78 654 130 682 ex
151 639 274 696 epist.
302 654 315 680 1
342 638 509 679 illorum
531 637 631 680 edit.
656 636 805 678 ubivir
824 644 993 678 sanctus
1015 635 1097 677 hoc
1119 637 1246 677 modo
1264 635 1435 677 scribit:

79 709 210 762 Quod
230 709 420 765 episcopi
439 717 725 749 antecessores
761 706 903 749 nostri
932 716 1213 755 censuerunt,
1255 721 1308 746 ne
1335 707 1434 760 quis

79 780 220 835 frater
241 778 300 819 ad
322 778 504 819 tutelam
522 778 590 819 vel
610 791 765 818 curam
788 777 997 818 clericum
1020 777 1269 817 nominaret
1295 792 1309 816 .·
1328 792 1378 817 ae
1399 777 1438 817 si

79 850 178 904 quis
200 849 279 889 hoc
297 849 490 905 fecisset,
510 863 599 889 non
614 846 850 905 offerretur
865 862 947 903 pro
969 862 1041 895 eo,
1062 861 1140 887 nec
1161 845 1439 902 sacrificium

72 933 157 975 pro
180 918 447 959 dormitione
473 919 570 973 ejus
600 917 906 960 celebraretur.
930 917 990 958 Ex
1021 917 1084 959 his
1119 925 1261 958 autem
1296 916 1435 959 verbis

74 988 237 1030 clarum
255 996 317 1029 est
349 1003 370 1029 a
394 988 606 1045 Cypriano
628 1021 638 1036 ,
661 987 839 1044 ejusque
866 987 1158 1029 decessoribus
1181 988 1325 1029 locum
1356 987 1429 1028 ali·

75 1073 228 1115 quem,
254 1059 295 1100 iu
325 1073 408 1114 quo
433 1058 581 1099 animae
605 1058 797 1100 vivorum
821 1058 1021 1115 precibus
1045 1057 1309 1113 juvarentur,
1347 1057 1423 1098 ad-

71 1128 245 1170 missum
268 1143 370 1170 esse.
414 1128 528 1180 Quid
544 1128 597 1170 ad
623 1128 704 1170 hoc
728 1127 941 1170 editores?
978 1128 1233 1169 Concedunt
1255 1127 1428 1184 quidem

71 1199 281 1241 orationes
303 1199 622 1254 oblationesque
640 1199 681 1239 in
695 1197 809 1246 fidei,
836 1198 923 1255 spei
938 1205 980 1240 et
996 1197 1213 1239 charitatis
1228 1207 1430 1240 tesseram

72 1278 339 1312 mortuorum
363 1283 464 1326 ergo
484 1267 575 1310 fieri
597 1269 764 1316 solium,
788 1276 942 1325 negant
967 1282 1064 1309 vero
1087 1268 1256 1309 easdem
1276 1268 1317 1308 in
1340 1267 1429 1308 illo-

70 1355 163 1382 rum
188 1339 421 1381 subsidium
438 1372 449 1388 ,
475 1347 545 1380 aut
564 1339 614 1381 ab
633 1338 855 1381 ardoribus
878 1339 1110 1396 purgatorii
1134 1338 1239 1395 iguis
1259 1338 1423 1394 refrige-

67 1410 177 1451 rium
220 1408 348 1450 fuisse
385 1409 611 1450 institutas.
655 1408 813 1451 Verum
846 1416 892 1450 ut
922 1423 1072 1450 eorum
1110 1408 1430 1464 responsionem

69 1487 213 1522 mente
236 1487 478 1521 sanctorum
500 1479 672 1521 Patrum
699 1479 824 1536 plane
856 1478 1087 1520 abhorrere
1111 1479 1429 1521 demonstrare-

65 1566 183 1599 mus,
210 1551 400 1606 quamvis
425 1550 592 1592 abunde
610 1558 720 1591 esset
743 1549 777 1591 si
802 1551 982 1591 lectores
1014 1563 1149 1590 vacuo
1186 1549 1327 1590 animo
1344 1581 1355 1597 ‚
1387 1557 1430 1591 et

66 1622 118 1663 ab
141 1621 341 1663 omnibus
360 1620 615 1678 praejudiciis
633 1620 828 1677 expedito
850 1620 1058 1661 indicatos
1076 1621 1288 1663 Ambrosii
1310 1622 1428 1663 locos

66 1693 308 1749 expendere
336 1699 499 1734 tantum
523 1691 770 1747 juberemus
787 1723 796 1737 ,
819 1690 1094 1732 nihilominus
1114 1697 1257 1731 tamen
1277 1691 1381 1732 duos
1404 1707 1428 1732 e

63 1762 259 1804 Patribus
282 1776 428 1819 graecae
450 1761 675 1817 latinaeque
698 1760 898 1802 Ecclesiae
921 1760 1132 1801 adducere
1154 1759 1297 1816 juvat,
1324 1775 1428 1816 quo·

64 1847 158 1874 rum
193 1832 445 1874 sententiam
480 1830 669 1888 opinioni
699 1830 932 1886 Anglorum
955 1844 1234 1887 opponamus.
1261 1830 1426 1872 Primus

63 1904 142 1947 erit
164 1903 448 1961 Epiphanius,
468 1902 539 1959 qui
556 1903 677 1943 Hier.
705 1902 776 1958 75,
797 1915 912 1942 num.
937 1900 975 1942 5.
998 1900 1109 1943 Ae'rii
1133 1916 1299 1943 errores
1317 1916 1425 1944 enu-

63 1990 256 2022 merans,
283 1974 410 2029 hujus
432 1973 620 2015 haeretici
645 1973 769 2014 verba
790 1972 849 2014 sic
872 1972 998 2013 refert
1023 1987 1033 2012 ε
1064 1972 1215 2029 Pergit
1240 1972 1425 2023 deinde;

62 2056 101 2088 et
123 2061 217 2102 quoe
235 2047 353 2087 racio
369 2055 452 2094 est‚
474 2044 644 2099 inquit,
665 2053 761 2100 post
788 2042 953 2084 obicum
969 2052 1250 2084 mortuorum
1281 2044 1423 2101 appel-

62 2117 155 2159 lare
178 2117 363 2158 nomina
379 2116 400 2155 ‚9
425 2113 542 2157 Nam
557 2115 688 2156 ιιιυίυ
699 2129 746 2155 us
763 2123 882 2162 oret,
908 2123 984 2154 αιιι
1005 2115 1052 2154 in
1071 2129 1287 2171 pauperes
1311 2114 1424 2157 bona

60 2203 140 2231 sua
153 2188 384 2243 dispenset,
398 2186 505 2241 quid
515 2201 569 2226 em
579 2184 658 2225 hoe
671 2184 847 2226 tandem
864 2184 924 2225 ad
941 2195 1167 2225 ‘mortuum
1179 2185 1321 2226 redit?
1335 2194 1416 2227 etc.

60 2259 124 2300 En
160 2257 404 2314 opinionem
430 2256 759 2298 Protestantium
795 2256 903 2297 inter
938 2254 1117 2296 haercses
1158 2256 1331 2298 relatam
1370 2257 1422 2298 ab

60 2327 310 2385 Epiphanio.
341 2326 424 2368 Sed
447 2341 596 2383 parum
621 2335 753 2374 esset,
781 2325 858 2367 nisi
883 2325 1137 2367 catholicam
1169 2326 1423 2369 sententiam

60 2398 363 2445 constituerem
390 2399 504 2439 unde
525 2405 572 2438 ut
602 2411 778 2453 precum
801 2410 878 2453 pro
901 2395 1078 2437 mortuis
1100 2395 1261 2437 fructus
1284 2397 1422 2438 decla-

59 2476 149 2517 ret,
172 2469 237 2510 illa
263 2468 481 2524 subjunxit
506 2482 514 2508 :
546 2467 665 2511 Nam
697 2477 735 2508 et
751 2469 983 2522 justorum
1006 2467 1179 2522 pariter
1206 2477 1246 2507 et
1264 2482 1419 2523 pecca-

60 2548 207 2580 torum
229 2541 497 2580 mentionem
513 2539 705 2595 facimus
720 2553 733 2579 .·
746 2547 1024 2593 peecatorum
1044 2537 1238 2592 quidem,
1260 2547 1304 2578 ιιι
1322 2538 1378 2579 iis
1392 2553 1420 2578 a

58 2609 254 2652 Domino
269 2609 628 2651 misericordiam
649 2607 938 2665 imploremus
951 2623 989 2663 J
1002 2617 1197 2649 ustorum
1216 2617 1418 2651 autem...
