1774 3158
340 219 392 247 DE
426 218 597 248 EXCRSSU
631 217 801 245 FRATRIS
834 217 897 244 SUI
930 217 1097 252 SATYRI,
1133 218 1211 245 Lm.
1251 218 1278 244 1.
1466 219 1489 260 7

145 309 259 337 »non
283 296 417 338 tristes
439 297 525 339 sitis
542 329 553 345 ,
579 296 687 338 sicut
709 303 751 337 et
768 296 906 337 caeteri
931 296 1001 352 qui
1024 310 1141 353 spem
1159 311 1243 337 non
1265 295 1481 338 habent¹.»

144 365 248 407 Date
270 367 454 413 veniam,
481 366 626 407 fratres
654 365 902 408 charissimi.
932 365 1076 422 Neque
1098 367 1210 408 enim
1236 381 1381 407 omnes
1395 381 1495 423 pos-

144 450 287 477 sumus
301 437 455 478 dicere:
473 455 487 475 «
499 437 733 479 Imitatores
747 437 826 478 mei
840 444 988 485 estote,
1002 436 1447 493 sicutetegoChristi²;
1467 455 1481 476 n

145 505 217 546 secl
255 507 306 547 ad
338 506 586 548 imitandum
626 506 658 548 si
688 514 903 548 auctorem
927 505 1136 561 quaeritis,
1171 504 1334 548 habetis
1369 521 1495 562 quem

143 574 308 630 possitis
331 574 498 618 imitari.
525 576 617 619 Non
634 591 779 617 omnes
805 577 856 617 ad
873 576 1112 618 docendum
1133 575 1272 617 idonei
1293 607 1303 623 ‚
1328 576 1490 617 utinam

145 658 289 686 omnes
313 647 363 687 ad
387 646 634 687 discendum
661 645 823 688 habiles
848 646 857 686 !

204 714 259 757 Χ.
297 714 352 756 At
380 730 463 756 non
481 730 649 772 gravem
670 715 868 772 lacrymis
891 714 1176 757 contraximus
1200 714 1367 771 culpam
1389 727 1498 754 :non

144 784 280 826 omnis
302 784 560 827 infidelitatis
585 794 655 828 aut
674 784 931 827 infirmitatis
952 794 1015 827 est
1037 784 1172 827 fletus.
1197 784 1315 826 Alius
1344 792 1407 826 cst
1428 799 1497 825 na-

143 863 247 897 turae
271 855 406 905 dolor,
431 856 510 898 alia
533 865 595 898 est
624 857 790 899 tristitia
817 856 1060 899 diffidentiae
1084 872 1094 898 ε
1121 865 1163 898 et
1182 855 1411 913 plurimum
1436 870 1498 895 rc-

143 924 223 967 sert
245 926 482 968 desiderare
497 959 507 975 ,
535 926 650 983 quod
667 926 894 975 habueris3
922 934 964 968 et
987 927 1131 983 lugere
1154 925 1267 982 quod
1291 924 1489 966 amiseris.

143 994 234 1038 Non
252 996 363 1037 solus
381 997 503 1038 dolor
519 997 727 1053 lacrymas
748 996 878 1038 habet
892 1029 902 1044 ,
922 996 1052 1038 habet
1071 1004 1113 1037 et
1130 995 1272 1037 laetitia
1289 994 1497 1051 lacrymas

144 1079 251 1107 suas.
282 1065 335 1107 Et
357 1066 488 1122 pietas
509 1066 657 1108 ssetum
680 1067 862 1115 excitat,
888 1075 929 1108 et
949 1066 1082 1107 oratio
1106 1073 1282 1107 stratum
1303 1064 1408 1121 rigat
1428 1097 1437 1110 ‚
1459 1073 1500 1106 ot

142 1135 358 1192 precatio,
391 1135 507 1191 juxta
542 1137 839 1193 propheticum
872 1135 1058 1183 dictum,
1097 1136 1300 1177 lectulum
1336 1133 1491 1175 lavat³.

142 1206 353 1248 Fecerunt
366 1214 407 1247 et
424 1205 571 1248 ssetum
590 1222 790 1264 magnum
807 1207 869 1248 sui
886 1221 983 1248 cum
996 1206 1249 1248 Patriarchae
1267 1205 1498 1261 sepeliren-

144 1283 223 1317 tur.
266 1275 482 1332 Lacrymae
506 1291 605 1332 ergo
634 1277 802 1333 pietatis
825 1276 984 1318 indices
1004 1308 1015 1324 ‚
1040 1291 1126 1318 non
1148 1275 1280 1316 illices
1301 1282 1399 1316 sunt
1426 1273 1496 1315 do-

142 1346 254 1388 loris.
282 1346 530 1403 Lacrymavi
554 1362 676 1403 ergo,
701 1347 851 1394 fateor,
871 1346 997 1388 etiam
1020 1360 1097 1403 ego
1117 1378 1128 1394 ,
1153 1346 1227 1387 sed
1248 1343 1499 1401 lacrymavit

143 1423 185 1456 et
205 1415 411 1458 Dominus
429 1415 459 1458 ⁴.
486 1417 560 1458 Ille
584 1416 793 1463 alienum,
821 1429 898 1473 ego
915 1415 1086 1456 fratrem
1125 1429 1134 1456 ε
1169 1414 1238 1455 ille
1269 1413 1310 1455 in
1338 1427 1421 1454 uno
1444 1413 1502 1454 la-

144 1484 349 1541 crymavit
370 1499 536 1534 omnes,
562 1500 637 1542 ego
661 1485 702 1526 in
721 1485 917 1526 omnibus
939 1484 1184 1541 lacrymabo
1203 1491 1243 1525 te
1259 1515 1269 1531 ,
1295 1482 1435 1524 frater.

200 1555 276 1598 XI.
314 1555 387 1598 Ille
418 1570 588 1604 nostro,
623 1571 707 1597 non
742 1571 819 1598 suo
853 1555 1102 1613 lacrymavit
1140 1553 1320 1600 affectu;
1360 1567 1499 1608 neque

141 1625 252 1667 enim
282 1625 483 1668 Divinitas
513 1627 720 1683 lacrymas
744 1626 902 1672 habet:
927 1627 1000 1668 sed
1032 1623 1286 1682 lacrymavit
1306 1637 1356 1664 eo
1376 1655 1386 1671 ‚
1418 1637 1501 1678 quo

142 1696 270 1737 tristis
287 1695 383 1738 suit⁵
418 1696 694 1753 :lacrymavit
715 1711 765 1738 eo
785 1730 795 1746 ,
823 1712 906 1753 qno
929 1695 1155 1737 crucifixus
1177 1702 1262 1742 est,
1282 1708 1365 1750 quo
1390 1707 1496 1733 mor-

142 1774 241 1807 tuus
260 1798 272 1815 ,
303 1781 388 1821 quo
411 1767 601 1823 sepultus
623 1774 687 1808 est
711 1780 720 1806 :
748 1766 998 1823 lacrymavit
1020 1766 1059 1806 in
1083 1780 1158 1813 e0,
1190 1765 1241 1806 de
1263 1778 1345 1819 quo
1376 1762 1501 1803 hodie

143 1836 264 1878 nobis
293 1835 521 1877 insinuavit
543 1836 753 1892 Propheta
780 1869 790 1884 ,
827 1836 971 1877 dicens
998 1850 1041 1876 z«
1063 1835 1194 1876 Mater
1217 1833 1317 1874 Sion
1351 1831 1463 1871 dicet
1487 1845 1497 1871 :

145 1907 308 1948 »Homo
328 1938 339 1955 ,
369 1914 412 1948 et
439 1907 566 1948 homo
598 1906 732 1948 factus
757 1914 820 1948 est
847 1906 886 1947 in
910 1921 956 1948 ea
975 1938 986 1954 ,
1020 1914 1061 1947 et
1084 1905 1172 1961 ipse
1194 1902 1384 1945 fundavit
1407 1915 1500 1941 eam

145 1976 477 2020 »Altissimus⁶,»
509 1977 570 2018 Eo
596 1977 875 2033 lacrymavit,
911 1991 994 2032 quo
1025 1983 1203 2017 matrem
1237 1972 1338 2014 Sion
1370 1970 1502 2018 dixit,

146 2047 308 2105 genitus
334 2047 375 2089 in
402 2046 549 2089 Judaea
567 2080 578 2095 ,
602 2055 822 2104 susceptus
854 2061 904 2087 ex
932 2045 1121 2102 Virgine.
1157 2043 1335 2086 Matrem
1364 2049 1502 2083 autem

145 2114 386 2160 secundum'
401 2117 670 2160 Divinitatem
690 2116 847 2158 habere
864 2129 948 2156 non
970 2114 1133 2172 potuit,
1159 2112 1254 2169 quia
1280 2119 1428 2154 auctor
1443 2118 1506 2151 cst

146 2187 303 2229 matris.
324 2187 398 2229 Ille
414 2186 549 2229 sactus
563 2195 720 2229 estnon
734 2185 873 2227 divina
888 2184 1161 2242 generatione
1174 2215 1185 2232 ,
1211 2183 1284 2225 sed
1301 2182 1501 2227 humanm

148 2257 243 2314 quia
270 2257 400 2299 homo
423 2257 558 2299 sactus
579 2265 667 2309 est,
691 2256 803 2297 Deus
823 2263 944 2296 natus
962 2262 1040 2297 est.

206 2327 300 2369 XII.
338 2326 407 2368 Sic
428 2334 469 2368 et
499 2326 598 2368 alibi
620 2327 751 2367 habes
782 2325 942 2367 :etPuer
966 2333 1090 2365 natus
1111 2329 1174 2364 est
1197 2319 1320 2363 nobis
1337 2351 1347 2368 ,
1373 2318 1505 2360 Filius

145 2415 161 2436 »
175 2398 295 2439 datus
322 2405 385 2438 est
406 2396 528 2438 nobis
549 2395 667 2439 ⁷.»In
686 2410 818 2453 puero
840 2395 951 2436 enim
972 2408 1126 2435 nomen
1147 2390 1280 2434 aetatis
1298 2422 1310 2439 ‚
1337 2389 1379 2430 in
1399 2387 1504 2428 Filio

168 2501 204 2527 ,Η
225 2509 236 2530 ι
258 2498 370 2530 Thess.
390 2508 433 2533 iv,
456 2509 558 2529 12.-
579 2508 590 2522 ²
616 2509 626 2528 1
647 2496 917 2529 Cor.1v.16.-
935 2498 946 2519 ³
966 2495 1048 2527 Psal.
1064 2505 1110 2533 vi,
1130 2505 1161 2536 7.
1177 2511 1216 2517 —
1234 2494 1245 2519 ⁴
1263 2492 1360 2523 Joan.
1377 2499 1422 2528 Χῖ,
1438 2488 1491 2520 35.

150 2571 190 2578 ——
207 2556 218 2576 ⁵
239 2553 460 2591 Matth.xxv1‚
478 2552 529 2585 38.
547 2570 586 2576 —-
606 2554 621 2575 ⁶
640 2551 726 2584 Psal.
743 2562 874 2589 mxxxvi,
890 2552 920 2581 5.
938 2556 1005 2578 —7
1027 2550 1102 2583 lsai.
1123 2559 1166 2584 nx,
1181 2547 1213 2578 6.
