1774 3158
277 227 350 269 172
813 228 844 254 S.
885 228 1075 255 AMBROSH

268 321 368 348 num
391 305 543 347 Filium
575 307 624 348 ad
648 307 792 348 :eterni
820 308 951 350 Patris
972 322 1192 365 personam
1216 308 1408 351 refertur.
1435 310 1487 351 Et
1512 324 1608 352 cum

266 377 531 418 nominamus
552 377 755 434 Spiritum
779 388 968 420 sanctum
988 412 996 427 ,
1029 380 1078 419 ab
1109 380 1251 420 aeterni
1279 380 1410 420 Patris
1433 394 1608 435 persona

266 463 362 488 eum
388 449 580 490 credere¹
609 450 957 492 demonstramus.
986 450 1091 490 Cum
1116 459 1253 491 autem
1278 450 1453 491 dicimus
1474 451 1612 492 Deum

266 520 432 561 Patrem
454 521 802 578 omnipotentem,
820 537 902 563 non
922 531 1056 578 potest
1079 522 1202 579 hujus
1220 522 1400 563 nominis
1420 522 1612 564 evacuari

267 600 574 632 sacramentum
601 606 609 632 :
630 592 724 648 quia
743 607 838 633 cum
858 593 1034 633 dicimus
1051 592 1234 641 Patrem,
1254 593 1407 634 Filium
1422 593 1614 634 demons-

268 669 426 702 tramus
447 676 456 702 τ
482 669 523 702 et
546 677 643 703 cum
665 663 844 703 dicimus
865 663 1017 704 Filium
1032 695 1042 710 ,
1069 662 1234 703 Patrem
1261 664 1522 704 declaramus
1543 677 1552 703 t
1572 670 1614 703 et

269 745 366 772 cum
391 731 568 773 dicimus
586 740 791 773 aeternum
808 733 973 774 Patrem
990 764 1000 780 ,
1026 740 1228 772 {eternum
1255 730 1385 772 filium
1416 734 1614 774 demons-

266 808 438 843 tramus.
468 801 573 843 Nam
596 802 728 843 sinon
748 803 981 843 invenimus
996 802 1161 842 initium
1188 802 1380 843 vocabuli
1403 801 1529 858 hujus
1545 818 1614 858 pa-

267 872 376 914 terni
393 873 587 920 nominis,
607 875 775 930 quando
791 873 913 915 Pater
929 874 982 915 sit
998 874 1133 915 dictus
1152 882 1461 929 consequenter
1479 882 1615 914 osten—

269 943 396 991 ditur,
419 943 512 999 quia
539 959 616 985 nec
640 944 804 985 initium
824 944 964 985 Geniti
986 943 1547 1000 reperiemus.Obsecramus
1571 953 1617 985 ut

270 1015 393 1055 detur
411 1014 531 1055 nobis
556 1014 659 1055 ratio
677 1047 687 1063 ,
713 1016 882 1070 quando
905 1014 1026 1055 Pater
1048 1014 1125 1055 hoc
1144 1014 1412 1061 vocabulum,
1434 1021 1479 1055 ut
1496 1013 1617 1055 Pater

270 1084 541 1132 vocitaretur,
563 1084 733 1125 sortitus
754 1093 829 1126 est.
861 1084 903 1125 Si
932 1084 973 1125 iu
998 1093 1212 1140 tempore,
1238 1084 1270 1125 si
1288 1092 1404 1125 extra
1428 1094 1614 1140 tempuS‚

272 1153 383 1194 dicat
405 1153 526 1194 nobis
549 1152 695 1209 aliquis
717 1156 884 1209 quando
907 1154 1099 1210 primitus
1123 1154 1299 1210 coeperit
1324 1153 1521 1210 appellari
1547 1169 1556 1194 :
1578 1161 1618 1194 et

271 1225 303 1265 si
325 1224 508 1281 potuerit
533 1225 612 1265 hoc
636 1225 876 1281 approbari,
893 1227 1006 1266 nulla
1023 1226 1102 1266 erit
1125 1226 1316 1267 dubietas
1340 1241 1390 1267 ex
1411 1226 1481 1267 illo
1500 1224 1619 1266 initio

268 1295 623 1352 paterninominis
638 1294 792 1336 Filium
812 1296 977 1336 initium
998 1295 1225 1352 accepisse,
1246 1311 1328 1351 quo
1344 1296 1466 1336 Pater
1481 1295 1619 1337 nomi-

269 1375 390 1407 natus
403 1374 476 1407 est.
505 1365 555 1407 Et
578 1365 610 1406 si
636 1365 860 1414 defecerit,
887 1366 970 1406 imo
992 1366 1088 1422 quia
1112 1375 1153 1407 et
1171 1366 1346 1413 defecit,
1371 1381 1451 1408 nec
1467 1365 1621 1423 poterit

269 1437 507 1494 approbari,
527 1451 604 1478 nec
624 1437 711 1478 dari
731 1437 896 1478 initium
915 1437 1077 1493 paterni
1095 1437 1293 1485 nominis,
1314 1436 1482 1493 quando
1498 1437 1620 1479 Pater

270 1523 359 1549 esse
381 1507 579 1564 coeperit,
616 1505 864 1564 profiteatur
885 1521 983 1563 ergo
1006 1507 1126 1548 nobis
1150 1515 1340 1548 sanctam
1365 1507 1620 1548 Trinitatem

272 1578 589 1619 coessentialem
614 1586 739 1633 atque
760 1577 1080 1618 substantialem
1108 1593 1116 1618 :
1144 1593 1222 1619 nec
1245 1578 1412 1618 Patrem
1436 1586 1532 1618 ante
1548 1578 1623 1620 Fi-

271 1649 375 1691 lium
393 1682 402 1697 ‚
423 1663 500 1689 nec
522 1648 675 1689 Filium
697 1656 792 1705 post
813 1648 978 1689 Patrem
996 1680 1005 1698 ,
1025 1662 1102 1689 nec
1116 1647 1318 1702 Spiritum
1343 1657 1533 1689 sanctum
1555 1648 1621 1690 in-

272 1718 464 1760 feriorem
490 1718 614 1759 fuisse
636 1733 644 1759 :
663 1718 757 1774 quia
781 1719 881 1759 dum
900 1718 1064 1759 initium
1086 1718 1249 1775 paterni
1271 1719 1452 1760 nominis
1465 1733 1548 1761 non
1564 1719 1624 1760 in-

272 1790 453 1837 venitur,
493 1790 704 1831 nescimus
733 1804 813 1845 qua
844 1789 1007 1830 ratione
1030 1790 1136 1831 Filio
1159 1789 1327 1831 initium
1361 1790 1621 1839 ascribatur,

270 1863 366 1918 quia
384 1875 480 1902 cum
505 1860 684 1901 dicimus
703 1859 1008 1916 sempiternum
1030 1859 1166 1902 Deum
1186 1861 1353 1903 Patrem
1371 1893 1381 1909 ,
1409 1861 1624 1918 sempiter-

272 1948 374 1975 num
417 1933 493 1974 Dei
536 1932 694 1974 Filium
733 1931 1009 1973 ostendimus.
1057 1932 1157 1972 Ideo
1207 1940 1394 1973 sanctam
1450 1932 1626 1974 Trinita-

271 2012 356 2045 tem
392 2003 433 2043 in
457 2018 538 2043 una
570 2010 719 2043 natura
758 2017 926 2058 unaque
960 2002 1136 2044 essentia
1157 2011 1281 2058 atque
1303 2002 1557 2051 substantia,
1583 2003 1624 2044 in

271 2074 401 2116 tribus
423 2072 700 2114 subsistentiis
725 2073 809 2113 sive
824 2072 1013 2129 personis
1027 2071 1290 2129 profitemur.
1311 2073 1534 2115 Credimus
1556 2089 1626 2115 au-

268 2154 352 2186 tem
377 2143 512 2200 ipsum
531 2142 606 2183 Dei
625 2141 810 2183 Verbum
826 2175 836 2190 ,
856 2144 934 2183 hoc
955 2151 1018 2183 est
1036 2175 1044 2190 ,
1070 2141 1222 2183 Filium
1241 2143 1373 2184 Patris
1393 2143 1480 2184 sine
1505 2143 1624 2185 initio

269 2215 454 2270 genitum
471 2246 480 2260 ‚
501 2214 698 2254 eumdem
722 2227 854 2253 unum
876 2228 926 2253 ex
957 2213 1089 2254 tribus
1110 2213 1387 2255 subsistentiis
1406 2215 1456 2255 de
1483 2222 1624 2256 sancta

269 2284 472 2327 Trinitate
490 2292 692 2325 aetcrnum
711 2283 864 2324 Filium
884 2316 892 2330 ,
912 2299 986 2339 per
1004 2284 1358 2340 dispensationem
1377 2284 1529 2326 saetam
1549 2300 1625 2341 pro

271 2355 391 2397 nobis
414 2363 457 2395 et
491 2363 634 2395 nostra
667 2355 799 2394 salute
839 2354 1104 2395 descendisse
1137 2355 1402 2396 incarnatum
1438 2354 1626 2397 Verbum

267 2426 370 2474 Dei,
400 2433 442 2467 et
465 2425 681 2466 hominem
705 2424 879 2466 sactum.
902 2425 1015 2465 Iutra
1041 2423 1222 2481 Virginis
1255 2434 1423 2466 uterum
1456 2426 1626 2466 veniens

271 2496 348 2539 sibi
365 2499 515 2537 nostrae
530 2503 691 2536 naturae
713 2495 908 2536 virtutem
924 2512 939 2531 α
955 2495 1203 2551 assumpsit»
1217 2510 1266 2536 ex
1284 2503 1427 2538 sancta
1448 2494 1626 2551 gloriosa

314 2600 322 2613 ¹
341 2588 423 2620 Cod.
438 2589 477 2619 ab
492 2592 624 2618 (etet-nce
639 2587 741 2627 patris
759 2598 893 2627 persona
911 2591 943 2617 ct
956 2587 1090 2617 credere.
