1774 3158
259 254 313 298 58
812 269 843 297 s,
884 269 1076 298 AMBnosn

258 349 435 405 quadam
454 347 712 406 benignitate
730 349 1014 407 prospiciunt;
1040 358 1081 391 et
1098 349 1191 392 ideo
1208 348 1384 392 transire
1404 363 1450 391 ac
1474 347 1611 392 demim

259 434 378 475 grare
396 419 437 460 in
456 434 632 476 corpora
657 419 803 462 dicunt
827 420 983 462 animas
1001 453 1010 468 ,
1033 435 1084 461 ne
1102 421 1285 462 mundus
1309 421 1496 461 intereat.
1527 419 1612 462 Sed

259 489 359 543 quid
378 488 430 530 sit
451 489 661 532 difficilius
680 523 689 538 ,
713 490 790 547 ipsi
818 499 1026 543 asserant,
1058 490 1233 532 transire
1257 490 1414 532 animas
1431 523 1440 539 ‚
1466 505 1517 532 an
1544 506 1613 532 re-

262 557 351 599 dire
377 572 387 600 :
413 574 485 600 sua
507 569 698 616 repetere
713 593 723 608 ‚
749 576 799 602 an
821 575 926 603 nova
949 576 1147 618 quaerere.

319 628 465 671 LXVI.
499 630 582 672 Sed
600 631 657 672 illi
677 630 900 679 dubitent,
921 631 1094 687 quinon
1120 630 1358 672 didicerunt
1384 646 1392 671 :
1419 645 1494 672 nos
1518 645 1614 672 vero

261 698 330 755 qui
353 699 530 757 legimus
549 700 701 757 Legem
717 733 728 750 ,
750 700 1001 758 Prophetas,
1030 700 1253 758 Apostolos
1268 734 1277 748 ,
1309 701 1581 758 Evangelium
1601 733 1612 749 ,

263 769 457 811 dubitare
480 770 539 811 sas
566 786 650 812 non
680 780 756 813 est.
784 771 889 823 Quis
913 772 1024 814 enim
1050 771 1235 821 dubitet,
1261 787 1357 813 curn
1380 772 1478 829 legit
1503 786 1542 812 :a
1566 771 1618 813 Et

262 840 335 880 »in
365 849 554 897 tempore
578 841 646 883 illo
675 842 907 885 salvabitur
929 843 1064 885 omnis
1092 843 1208 900 plebs
1232 850 1299 884 tua
1316 875 1325 890 ,
1350 858 1440 898 quae
1464 842 1617 899 scripta

263 920 356 950 »est
379 909 420 950 in
451 910 558 951 libro
588 926 597 952 :
623 920 666 953 et
687 912 808 954 multi
832 913 1132 955 dormientium
1157 913 1198 954 in
1229 922 1345 954 terrae
1367 912 1509 960 fossis,
1538 926 1618 952 una

263 979 507 1035 »apertione
541 990 763 1039 exurgent,
790 982 832 1024 hi
856 984 897 1024 in
922 983 1046 1025 vitam
1073 992 1297 1033 aeternam,
1329 992 1370 1024 et
1400 983 1441 1024 hi
1476 982 1514 1023 in
1543 998 1619 1038 op-

267 1050 490 1106 »probium
518 1061 559 1093 et
588 1052 628 1093 in
652 1053 941 1095 confusionem
965 1062 1211 1110 perpetuam
1241 1068 1249 1094 :
1275 1061 1316 1094 et
1344 1053 1621 1110 intelligentes

267 1121 578 1175 »splendebunt
605 1131 649 1163 ut
682 1124 881 1179 splendor
905 1122 1184 1170 firmamenti,
1209 1131 1249 1164 et
1271 1138 1319 1164 ex
1350 1122 1469 1178 justis
1501 1121 1622 1163 multi

271 1209 286 1228 n
302 1191 412 1233 sicut
433 1193 561 1233 stella),
584 1193 623 1233 in
650 1195 799 1234 saecula
814 1193 891 1234 ².?»
906 1195 1021 1236 Bene
1040 1195 1179 1250 itaque
1201 1194 1498 1237 dormientium
1523 1192 1624 1235 dixit

267 1262 451 1317 quietem
469 1294 478 1309 ,
510 1272 555 1303 nt
578 1263 784 1320 intelligas
808 1273 985 1306 mortem
1011 1280 1092 1305 non
1114 1280 1203 1306 esse
1232 1272 1505 1321 perpetuam,
1531 1277 1624 1318 quse

267 1333 402 1373 somni
426 1333 515 1374 vice
543 1333 671 1375 initur
703 1337 753 1375 ad
783 1342 970 1392 tempus,
1002 1343 1043 1376 et
1072 1337 1124 1376 ad
1152 1343 1315 1390 tempus
1348 1334 1586 1375 excluditur
1612 1347 1620 1373 :

269 1402 571 1459 melioremque
604 1405 840 1460 profectum
876 1406 968 1446 vitm
1002 1405 1091 1461 rjus
1121 1406 1331 1453 ostendit,
1367 1420 1457 1460 quae
1488 1404 1624 1445 futura

269 1481 364 1529 post
385 1482 565 1515 mortem
597 1483 685 1523 est,
713 1491 836 1531 quam
870 1475 960 1532 ejus
989 1492 1081 1532 quac
1116 1484 1210 1517 ante
1239 1483 1418 1516 mortem
1445 1489 1627 1515 moerore

271 1559 317 1585 ac
345 1544 489 1585 dolore
520 1545 774 1602 transigitur.
820 1546 1037 1604 Siquidem
1071 1547 1139 1589 illa
1171 1547 1300 1588 stellis
1329 1555 1594 1602 comparatur
1615 1576 1625 1593 ,

271 1613 361 1656 haec
384 1630 582 1656 aerumnae
606 1615 827 1658 addicitur.

330 1683 497 1726 LXVII.
536 1685 639 1727 Nam
660 1686 762 1742 quid
785 1687 850 1728 illa
873 1696 1117 1735 contexam,
1144 1703 1234 1743 qnae
1258 1688 1336 1728 alio
1359 1686 1452 1728 loco
1473 1686 1626 1742 scripta

274 1763 371 1796 sunt
407 1770 449 1795 :u
479 1756 710 1798 suscitabis
741 1773 829 1805 me,
861 1767 903 1800 et
932 1758 1168 1800 confitebor
1198 1759 1273 1800 tibi
1293 1758 1336 1799 P»
1357 1758 1471 1809 Quid
1503 1757 1628 1798 ctiam

275 1824 402 1873 illud,
433 1827 546 1881 quob
577 1826 658 1868 Joh
682 1837 851 1869 sanctus
877 1828 970 1870 vitae
994 1829 1111 1871 istius
1143 1838 1339 1885 expertus
1366 1828 1537 1884 injurias
1555 1860 1564 1875 ,
1589 1835 1629 1868 et

276 1895 446 1936 adversa
471 1896 607 1937 onmia
632 1898 830 1954 patientia
853 1899 1018 1941 virtutis
1041 1915 1271 1955 exuperans
1289 1932 1298 1947 ,
1329 1897 1631 1955 compensatio-

276 1979 371 2006 nem
401 1966 480 2007 sihi
509 1969 715 2009 malorum
738 1969 1008 2025 praesentium
1034 1972 1083 2011 de
1112 1969 1419 2010 resurrectione
1442 1966 1634 2025 promisit

279 2035 422 2077 dicens
449 2051 490 2077 :a
509 2037 738 2079 Suscitabis
765 2054 918 2097 corpus
941 2055 1082 2082 meum
1107 2040 1185 2082 hoc
1204 2073 1212 2086 ,
1239 2040 1352 2097 quod
1371 2041 1499 2080 multa
1524 2038 1630 2078 mala

280 2126 292 2144 ·›
309 2122 476 2163 passum
498 2108 582 2149 est²
599 2108 639 2149 P»
656 2109 795 2151 Esaias
814 2126 980 2167 quoque
1004 2111 1355 2153 resurrectionem
1379 2108 1543 2168 populis
1565 2123 1634 2150 an-

279 2179 477 2221 nuntians
515 2180 728 2222 Dominici
759 2196 802 2223 se
835 2183 1033 2224 nuntium
1063 2183 1164 2224 dixit
1191 2191 1299 2224 esset
1329 2181 1541 2238 responsi3
1574 2179 1632 2221 sic

281 2250 392 2290 enim
417 2249 545 2292 habes
566 2266 607 2291 τα
626 2249 683 2293 Os
705 2251 817 2293 enim
837 2252 1008 2294 Domini
1027 2253 1217 2294 locutum
1239 2259 1322 2301 est,
1347 2260 1389 2293 et
1408 2250 1549 2293 dicent
1568 2249 1633 2290 die

284 2317 421 2360 »illa³.
440 2319 583 2371 ”Quid
613 2320 743 2376 igitur
773 2336 818 2363 os
844 2321 1013 2364 Domini
1044 2324 1236 2364 locutum
1266 2322 1318 2364 sit
1345 2322 1523 2379 populos
1545 2334 1634 2361 csse

281 2389 468 2431 dicturos
490 2423 499 2438 ,
528 2391 570 2432 in
596 2392 896 2448 posterioribus
924 2394 1162 2435 declaratur
1179 2425 1189 2441 ,
1220 2393 1292 2435 ubi
1320 2393 1521 2449 scriptum
1545 2397 1630 2437 est3

289 2460 502 2517 «Propter
526 2461 720 2503 timorem
755 2471 898 2511 tuum,
932 2463 1136 2511 Domine,
1170 2464 1210 2504 in
1243 2472 1363 2504 utero
1396 2460 1633 2517 accepimus

278 2547 293 2568 n
307 2537 347 2571 et
367 2531 662 2586 parturivimus
681 2532 872 2588 spiritum
891 2534 1035 2575 salutis
1052 2541 1150 2582 tuae,
1171 2548 1295 2590 quem
1314 2531 1496 2574 effudisti
1509 2544 1635 2587 super

326 2619 332 2632 ¹
355 2611 441 2642 Dan.
456 2621 515 2648 xn,
537 2623 562 2646 1,
580 2617 612 2644 et
628 2622 716 2655 seqq.
737 2630 777 2636 —-
797 2623 808 2637 ⁸
829 2613 906 2646 Job.
926 2626 994 2653 xix,
1010 2615 1060 2646 26.
1082 2633 1121 2639 —
1139 2616 1151 2638 ³
1171 2615 1257 2647 Esai.
1277 2625 1348 2653 xxv,
1365 2614 1398 2646 8.
