1774 3158
543 235 824 266 musromnuu
856 236 1012 265 cussis
1044 238 1070 265 1.
1405 225 1488 282 307

144 321 265 356 terrae
288 322 486 372 stupuere
507 314 652 357 solem.
677 313 776 357 Dies
799 313 841 356 in
863 314 1034 356 exordio
1072 329 1158 356 non
1184 315 1385 373 refulget,
1423 320 1497 361 sed

143 383 184 425 in
201 398 400 441 processu
421 383 897 440 temporisincremento
916 384 1085 426 luminis
1109 384 1264 433 micat,
1291 393 1332 427 et
1347 387 1496 429 caloris

142 463 358 496 exaestuat.

196 524 354 567 XXVI.
392 524 510 567 Luna
556 525 664 582 ipsa,
693 539 774 581 qua
820 524 1079 580 propheticis
1112 526 1296 578 oraculis
1334 527 1493 584 species

138 595 337 637 Ecclesiae
356 594 584 652 figuratum
608 610 707 636 cum
734 594 917 650 primum
936 610 1157 651 resurgens
1191 596 1230 637 in
1256 607 1490 639 menstruas

139 675 359 723 reparatur
381 674 522 707 aetates
538 699 548 713 ,
586 665 772 708 tenebris
791 665 912 707 nobis
943 666 1216 707 absconditur
1237 682 1246 707 ε
1272 669 1493 723 paulatim-

139 741 220 792 que
243 750 400 778 cornua
419 751 491 778 sua
513 736 752 792 complens,
778 736 841 776 vel
862 750 884 776 e
922 735 1092 792 regione
1124 736 1220 778 solis
1245 737 1462 797 abjolv·ens
1477 771 1487 787 ,

139 806 239 849 clari
262 807 484 862 splendore
506 805 679 862 fulgoris
698 805 893 847 irrutilat.

212 875 391 918 XXVII.
410 875 609 917 Exerceri
633 875 847 925 iyssimgtus
869 883 990 916 terrae
1009 885 1106 918 ante
1126 878 1369 920 nesciebant
1386 889 1500 936 :post

136 945 208 986 ubi
239 946 448 1002 imperare
472 945 577 986 arvis
603 944 809 986 sollicitus
832 945 959 1002 coepit
982 946 1210 999 agricola¹‚
1237 956 1279 989 et
1316 947 1495 989 informe

133 1017 269 1058 solum
292 1016 443 1058 vestire
467 1016 617 1057 vinetis
633 1048 643 1064 ‚
669 1017 892 1072 sylvestres
917 1017 1077 1058 animos
1109 1018 1350 1060 domesticis
1383 1021 1492 1061 mol-

134 1086 220 1128 litae
245 1087 430 1128 cultibus
454 1094 679 1127 exuerunt.

191 1155 390 1198 XXVIII.
428 1156 538 1197 Anni
565 1155 695 1212 ipsius
727 1163 824 1197 aetas
847 1156 979 1212 prima
997 1189 1007 1204 ,
1034 1172 1125 1212 quae
1147 1172 1222 1198 nos
1250 1173 1327 1199 usu
1371 1159 1496 1215 parili

134 1226 335 1268 coloravit
356 1234 460 1267 nutu
477 1226 738 1282 gignentium
760 1241 769 1267 :
796 1226 869 1267 sed
891 1228 931 1267 in
950 1241 1151 1283 processu
1178 1229 1355 1285 lapsuris
1372 1228 1492 1271 ssori-

131 1296 211 1337 bus
232 1304 401 1344 vernat,
425 1296 650 1352 postremis
680 1296 881 1337 adolescit
905 1296 1131 1337 fructibus.

190 1366 358 1409 XXIX.
395 1366 478 1410 Nos
510 1381 678 1422 quoque
701 1366 775 1407 aevi
794 1367 919 1407 rudes
936 1400 945 1414 ,
970 1382 1115 1408 sensus
1132 1367 1338 1409 habemus
1361 1368 1492 1410 infan-

131 1437 230 1477 tiam
253 1451 261 1476 :
288 1439 361 1478 sed
382 1437 531 1477 mutati
556 1436 598 1476 in
618 1451 749 1478 annos
774 1437 927 1493 ingenii
950 1438 1188 1479 rudimenta
1214 1439 1481 1495 deponimus.

157 1559 159 1561 r
190 1507 631 1563 XXX.Dicantigitur
645 1507 684 1548 in
702 1507 785 1548 suis
800 1507 939 1548 onmia
953 1523 1122 1550 manere
1135 1509 1489 1567 debuisseprinci-

129 1577 223 1634 piis3
240 1579 443 1618 mundum
465 1577 648 1618 tenebris
668 1577 902 1618 obductum
918 1611 927 1625 ‚
961 1578 1059 1634 quia
1082 1579 1306 1635 splendore
1331 1580 1426 1620 solis
1449 1580 1492 1621 il-

129 1649 299 1696 luxerit,
317 1647 552 1704 displicere.
569 1647 621 1688 Et
634 1656 792 1703 quanto
807 1648 962 1704 gratius
976 1658 1036 1690 est
1049 1650 1172 1690 animi
1196 1650 1389 1691 tenebras
1419 1653 1488 1693 de·

128 1718 282 1775 pulisse
304 1751 313 1766 ‚
338 1734 463 1774 quam
486 1718 701 1774 corporis3
725 1717 908 1774 fideique
931 1718 1058 1774 jubar
1081 1720 1302 1762 emicuisse
1323 1755 1333 1770 ‚
1358 1737 1483 1778 quam

128 1788 256 1830 solis?
280 1791 389 1845 Ergo
407 1797 447 1830 ot
462 1788 610 1829 mundi
634 1788 744 1829 sicut
771 1789 962 1830 omnium
984 1804 1124 1830 rerum
1148 1791 1345 1846 primaeva
1364 1803 1480 1835 nuta-

127 1866 250 1907 runt;
279 1866 326 1899 ut
344 1857 590 1899 venerabilis
610 1872 723 1899 canae
746 1856 845 1900 fidei
862 1868 1110 1914 sequeretur
1128 1869 1335 1903 senectus.
1363 1862 1483 1914 Quos

126 1929 208 1971 hoc
232 1937 396 1979 movet,
429 1929 742 1985 reprehendant
769 1944 948 1971 messem
966 1963 976 1978 ‚
1001 1930 1097 1985 quia
1123 1946 1210 1972 sera
1228 1932 1481 1976 foecunditas

125 2006 187 2040 est
205 2015 217 2047 ;
238 1999 551 2055 reprehendant
573 1998 826 2040 vindemiam
843 2032 853 2047 ‚
886 2000 981 2055 quia
1011 2000 1052 2041 in
1084 2015 1237 2042 occasu
1257 2003 1353 2044 anni
1380 2012 1443 2046 est
1463 2021 1474 2051 3

125 2070 437 2127 reprehendant
461 2068 613 2110 olivam
631 2101 640 2116 ,
668 2069 764 2125 quia
788 2078 1026 2126 postremus
1044 2071 1294 2114 estfructus.

179 2140 342 2183 XXXI.
380 2139 490 2196 Ergo
528 2147 570 2181 et
602 2140 748 2182 messis
784 2149 925 2182 nostra
964 2140 1069 2183 fides
1107 2142 1344 2185 animorum
1381 2155 1473 2194 est;

109 2211 320 2253 -Ecclesiae
348 2210 478 2268 gratia
520 2210 768 2252 meritorum
791 2211 1000 2253 vindemia
1039 2221 1130 2261 est,
1176 2228 1267 2270 quae
1295 2215 1346 2256 ab
1375 2224 1471 2258 ortu

168 2354 175 2367 ¹
196 2345 365 2376 Mutuatus
387 2349 432 2375 est
447 2343 648 2376 hunclocum
664 2343 849 2376 Ambrosius
861 2355 898 2376 ex
917 2344 970 2376 iiio
997 2344 1120 2387 Vi1·gi1·i
1140 2346 1255 2389 Georg.
1275 2359 1298 2386 ι,
1314 2359 1396 2380 vers.
1417 2360 1469 2391 99.

311 2418 511 2461 Exercetque
528 2421 676 2461 frequens
694 2419 852 2457 tellurem,
871 2425 965 2462 atque
983 2420 1119 2463 imperat
1137 2422 1232 2454 arvis.

121 2495 209 2528 Alios
224 2505 350 2538 quoque
361 2505 468 2528 versus
484 2506 501 2528 e
522 2495 580 2528 lib.
597 2506 620 2527 ιι
635 2495 688 2528 hic
701 2495 840 2540 expressi
855 2501 942 2537 sunt,
958 2507 1036 2539 quos
1052 2495 1144 2529 facite
1158 2497 1398 2540 deprehendere
1409 2505 1470 2533 est.

1255 2591 1321 2618 20.
