1774 3158
621 220 960 250 ANNOTATIONES.
1382 210 1465 266 493

473 372 715 402 ΑΝΝοΤΑΤΙο
753 358 842 415 (59)
878 372 968 416 pag.
1013 357 1108 400 133.

177 492 389 535 Habemus
426 493 506 536 hoc
534 495 630 536 loco
656 494 961 542 venerationis,
996 508 1076 549 qua
1099 494 1223 551 prisci
1247 493 1473 536 Christiani

119 578 257 605 sacras
282 564 477 620 reliquias
512 565 890 622 prosequebantur,
916 572 956 605 et
980 566 1057 621 pise
1078 563 1245 607 fiduciae
1268 580 1393 622 quam
1427 567 1470 607 in

118 648 264 676 earum
294 634 487 691 praesidio
519 635 807 691 reponebant,
848 633 1010 691 insigne
1045 635 1349 677 testimonium.
1386 635 1471 677 Sed

119 717 347 760 quorsum,
380 704 567 760 inquies,
601 705 640 746 in
679 703 904 746 Theodosii
942 703 1184 745 laudatione
1225 704 1469 760 hujusmodi

119 776 311 816 excursio
336 776 375 817 in
406 775 544 817 crucis
567 773 884 816 inventionem?
905 774 1226 831 Respondemus
1249 775 1346 816 satis
1369 775 1473 818 Am-

118 845 260 886 brosio
282 844 484 886 familiare
505 860 595 886 esse
611 860 632 886 a
649 844 858 902 proposita
883 845 1055 886 materia
1081 844 1265 900 digredi,
1291 860 1388 886 cum
1407 844 1473 902 pia

121 915 327 972 quat-piam
352 915 498 957 invitat
520 917 685 957 occasio
702 947 713 964 ,
738 915 872 972 qualis
895 915 973 956 suit
995 914 1154 956 mentio
1183 914 1470 963 Constantini,

122 984 192 1040 qui
215 985 375 1041 primus
400 985 612 1027 Caesarum
653 986 692 1027 in
728 986 848 1027 bellis
883 985 1020 1027 crucis
1058 984 1254 1027 vexillum
1287 984 1475 1042 praeserri

121 1055 254 1097 voluit
279 1071 287 1097 :
315 1056 456 1112 quain
480 1071 526 1098 re
549 1056 685 1113 ipsum
698 1055 960 1098 Theodosius
981 1055 1021 1096 in
1041 1055 1153 1096 bello
1178 1054 1375 1096 adversus
1397 1054 1476 1095 Eu·

122 1124 292 1181 genium
316 1125 503 1168 imitatus
527 1134 615 1177 est,
635 1125 995 1183 quemadmodum
1014 1141 1064 1167 ex
1079 1125 1336 1168 Theodorcti
1353 1124 1475 1172 lib.v‚

123 1208 215 1252 cap.
240 1197 319 1246 24,-
344 1204 386 1238 et
411 1195 551 1239 Orosii
569 1197 641 1238 lib.
674 1212 753 1252 vu,
779 1212 873 1253 cap.
902 1195 956 1237 56
977 1210 1204 1254 cognoscas
1226 1195 1339 1237 licet.

540 1348 787 1377 ΑΝΝοΤΑΤιο
825 1333 913 1389 (60)
954 1332 1054 1374 ibid.

183 1451 462 1493 Stabulariam
483 1452 731 1494 Ambrosius
757 1452 959 1493 Helenam
986 1449 1111 1498 dicit,
1141 1449 1254 1505 quod
1281 1464 1328 1490 ox
1362 1458 1480 1505 patre

124 1522 195 1578 qni
220 1523 390 1578 publico
415 1522 646 1564 diversorio
670 1522 857 1579 hospites
881 1520 1142 1578 excipiebat,
1163 1528 1260 1561 nata
1285 1520 1481 1562 credere·-

126 1602 206 1634 tur.
235 1592 379 1649 Neque
398 1603 538 1635 tamen
558 1609 701 1634 sumus
718 1593 847 1634 nescii
870 1592 1102 1634 Baronium
1125 1591 1178 1632 ad
1202 1605 1357 1632 annum
1377 1591 1479 1638 505,

126 1663 312 1704 scribere
335 1672 512 1705 matrem
533 1663 797 1705 Constantini
817 1662 944 1704 filiam
964 1661 1088 1703 unius
1105 1676 1128 1702 e
1146 1660 1300 1717 regulis
1317 1661 1481 1702 Britan-

125 1733 204 1774 niae
222 1733 394 1775 nomine
419 1734 522 1775 Coe'l
564 1734 747 1775 extitisse
767 1767 776 1783 ,
808 1734 934 1790 idque
959 1733 1010 1774 ab
1039 1731 1220 1788 antiquis
1243 1731 1377 1788 gentis
1401 1731 1481 1772 his-

128 1804 270 1846 toricis
286 1819 375 1846 esse
388 1805 616 1861 proditum¹
635 1805 761 1861 Atqui
780 1819 875 1846 curn
890 1803 1326 1846 omnesRomanarum
1341 1817 1484 1845 rerum

128 1876 353 1933 scriptores
388 1877 591 1918 Helenam
631 1876 870 1918 Constantii
909 1874 1195 1917 concubinam
1235 1873 1377 1915 dicant
1398 1905 1407 1920 ‚
1442 1883 1485 1915 et

130 1947 455 1990 Constantinum
474 1963 524 1990 ex
545 1947 777 2005 imparibus
801 1947 957 2004 nuptiis
977 1954 1122 1988 natum
1147 1951 1352 1992 asserant,
1376 1943 1487 1986 hanc

130 2034 149 2060 a
172 2019 354 2061 Baronio
379 2027 757 2060 commemoratam
781 2017 1025 2075 opinionem
1054 2030 1130 2073 pro
1161 2015 1301 2057 sabula
1325 2014 1487 2056 haben-

129 2089 225 2131 dam
249 2089 451 2132 credibile
483 2097 557 2132 est.
600 2089 730 2138 Vide,
775 2090 807 2130 si
849 2088 994 2135 lubet,
1018 2086 1220 2129 chronica
1243 2085 1414 2128 Eusebii
1444 2095 1487 2127 et

130 2159 389 2208 Cassiodori3
419 2160 620 2202 Historias
650 2160 791 2202 Orosii
824 2160 897 2201 lib.
935 2173 1019 2205 v11,
1047 2172 1136 2214 cap.
1168 2156 1250 2205 16;
1288 2155 1482 2212 Eutropii

129 2231 202 2273 lib.
227 2244 277 2279 Χῖ
300 2230 548 2274 Zozimilib.
573 2246 631 2279 11;
654 2229 882 2287 Nicephori
907 2229 979 2271 lib.
1004 2244 1084 2276 v11,
1105 2243 1194 2284 cap.
1221 2228 1294 2275 18;
1320 2236 1361 2268 et
1379 2226 1488 2269 inter

132 2301 389 2343 recentiores
410 2300 562 2343 Morini
584 2301 658 2343 lib.
690 2316 720 2343 11
746 2301 798 2342 de
820 2300 1014 2342 Liberat.
1034 2298 1220 2351 an-les„
1242 2312 1333 2355 cap.
1357 2297 1396 2341 G.

491 2433 735 2464 ANNOTATIO
774 2418 863 2476 (61)
901 2434 993 2476 pag.
1035 2418 1130 2460 135.

192 2543 318 2596 Quod
342 2557 361 2583 a
387 2549 531 2585 sancto
559 2540 740 2584 Praesule
758 2538 829 2581 hic
850 2544 1112 2582 memoratur
1132 2535 1303 2582 Domini
1320 2550 1492 2581 crucem
