1774 3158
344 248 427 297 426
896 265 930 292 s.
970 264 1162 292 AMBRosu

342 340 553 382 abducere
581 356 601 381 a
623 340 722 382 nido
748 349 791 383 et
821 341 1031 384 cubilibus
1057 342 1155 385 suis.
1183 345 1307 386 Certe
1335 345 1368 387 si
1406 346 1598 388 insistere
1620 347 1694 389 ad-

342 411 539 459 verterit,
579 412 727 453 tandiu
758 411 918 460 illudit,
943 414 1130 469 quandiu
1155 414 1292 456 soboli
1313 415 1499 472 fugiendi
1533 417 1699 475 signum

341 481 500 522 tribuat
523 488 564 522 et
596 490 860 538 potestatem.
889 483 1028 534 Quam
1060 484 1132 524 ubi
1163 485 1341 526 evasisse
1365 487 1565 535 senserit,
1594 496 1696 529 tunc

342 566 385 591 se
407 551 551 607 etipsa
579 553 864 600 subtrahit‚et
887 555 1050 595 lubrica
1069 562 1156 596 arte
1175 555 1404 612 deceptum
1427 558 1696 600 insidiantem

345 621 558 676 relinquit.

405 691 474 733 ΙΙΙ.
514 692 667 734 Fertur
690 693 816 735 etiam
850 694 1100 751 promiscuae
1129 710 1219 736 esse
1247 696 1563 752 permixtionis,
1589 697 1699 738 utin

345 759 536 803 soeminas
565 778 662 804 cum
700 779 865 805 summo
896 765 1126 805 certamine
1148 780 1285 806 mares
1320 766 1506 815 irruant,
1534 775 1576 809 et
1598 782 1700 823 vaga

346 831 557 873 calescant
577 832 763 874 libidine.
791 834 910 875 Unde
937 834 1150 890 impurum
1184 844 1225 876 et
1251 837 1507 878 malevolum
1529 845 1572 878 et
1593 836 1702 877 frau-

347 900 568 942 dulentum
604 902 758 943 animal
789 903 1026 945 adversario
1065 912 1105 945 et
1137 905 1498 962 circumscriptori
1540 906 1703 962 generis

348 969 522 1011 humani
537 1003 547 1019 ,
567 971 939 1029 fallacissimoque,
959 983 1001 1015 et
1023 974 1276 1031 impuritatis
1303 976 1463 1017 auctori
1486 976 1705 1017 conferen-

351 1040 451 1081 dum
476 1050 662 1098 putatur.

408 1109 477 1152 IV.
518 1111 723 1154 Clamavit
745 1128 844 1170 ergo
867 1113 1015 1170 perdix
1051 1115 1199 1170 (148),
1225 1114 1297 1172 qui
1329 1130 1351 1156 a
1383 1114 1600 1172 perdendo
1635 1130 1706 1156 no-

350 1194 448 1221 men
482 1183 669 1239 accepit,
704 1182 878 1226 Satanas
901 1184 994 1233 ille,
1019 1185 1090 1241 qui
1120 1185 1248 1227 latine
1278 1186 1514 1227 contrarius
1538 1185 1704 1227 dicitur.

353 1253 558 1294 Clamavit
593 1255 634 1295 in
656 1255 739 1296 Eva
762 1256 966 1313 primum,
990 1257 1188 1298 clamavit
1210 1257 1252 1297 in
1277 1256 1427 1306 Cain¹‚
1447 1256 1643 1299 clamavit
1667 1255 1706 1296 in

350 1321 555 1372 Pharao²,
583 1325 771 1374 Dathan,
809 1325 997 1376 Abiron,
1027 1326 1177 1369 Core³.
1216 1327 1422 1368 Clamavit
1451 1326 1492 1368 in
1525 1326 1704 1384 Judaeis.

351 1394 520 1448 quando
547 1395 761 1452 petierunt
788 1396 868 1438 sihi
898 1395 989 1438 fieri
1013 1398 1138 1447 deos,
1160 1412 1257 1439 cum
1282 1398 1430 1440 Mo'ises
1456 1397 1610 1453 Legem
1636 1410 1706 1438 ac-

349 1463 549 1521 ciperet‘*.
570 1467 774 1509 Clamavit
796 1468 965 1515 iterum,
980 1468 1149 1523 quando
1173 1468 1224 1508 de
1241 1466 1457 1508 Salvatore
1479 1467 1673 1508 dixerunt
1695 1480 1703 1506 :

365 1534 973 1594 «Crucifigatumcrucifigatur
987 1555 997 1586 ;
1011 1555 1025 1575 ι)
1040 1544 1097 1585 et,
1114 1555 1129 1575 α
1148 1536 1325 1594 Sanguis
1346 1537 1438 1593 ejus
1460 1552 1587 1594 super
1608 1551 1704 1584 nos,

351 1612 423 1644 »et
444 1619 570 1662 super
601 1605 707 1648 filios
730 1607 938 1648 nostros⁵.
963 1625 979 1645 »
1001 1607 1229 1654 Clamavit,
1257 1608 1424 1662 quando
1455 1606 1534 1648 sibi
1567 1621 1708 1662 regem

352 1671 443 1715 fieri
480 1677 855 1731 postulaverunt⁶3
879 1686 926 1720 ut
957 1679 1207 1719 recederent
1231 1693 1250 1718 a
1269 1677 1449 1719 Domino
1473 1677 1563 1718 Deo
1594 1691 1703 1734 rege.

353 1745 560 1788 Clamavit
580 1748 620 1789 in
638 1749 752 1790 omni
773 1763 879 1790 vano
900 1757 942 1790 et
963 1747 1139 1806 perfido.

408 1815 454 1858 V.
492 1817 566 1859 His
600 1819 773 1860 vocibus
810 1819 1082 1876 congregavit
1117 1818 1195 1861 sibi
1233 1820 1436 1876 populos,
1473 1832 1581 1876 quos
1625 1833 1709 1858 non

351 1897 592 1937 creaverat3
619 1889 730 1930 Dcus
749 1889 863 1930 enim
882 1889 1097 1931 hominem
1125 1890 1176 1931 ad
1199 1889 1424 1945 imaginem
1449 1897 1492 1930 et
1514 1887 1709 1930 similitu-

351 1957 493 2001 dinem
519 1975 637 2001 suam
666 1959 806 2013 ferit7,
831 1968 872 2001 et
895 1960 1085 2001 diabolus
1115 1959 1194 2000 sibi
1231 1959 1445 2001 hominem
1480 1958 1594 2000 vocis
1627 1972 1710 1999 suae

353 2030 500 2071 fraude
531 2031 778 2072 sociaverat.
821 2031 1102 2087 Congregavit
1139 2030 1216 2071 sibi
1244 2030 1464 2071 nationum
1504 2030 1707 2086 populos,

347 2100 504 2142 faciens
527 2101 689 2142 divitias
722 2115 807 2141 non
832 2115 929 2142 cum
954 2100 1127 2156 judicio,
1163 2101 1285 2142 Unde
1313 2100 1355 2140 in
1391 2100 1616 2158 proverbio
1648 2108 1711 2142 est

353 2174 404 2214 de
432 2172 561 2214 divite
588 2188 734 2220 avaro,
761 2172 858 2228 quia
893 2171 1041 2228 perdix
1065 2171 1142 2212 iste
1178 2180 1409 2228 congregat
1435 2171 1598 2212 divitias
1626 2185 1711 2212 non

354 2256 451 2283 cum
474 2242 646 2299 judicio.
675 2241 729 2283 At
753 2257 851 2283 vero
874 2256 994 2293 meus
1016 2241 1138 2282 Jesus
1164 2242 1282 2297 quasi
1304 2241 1432 2298 judex
1452 2241 1588 2283 bonus
1614 2255 1711 2283 cum

352 2311 512 2368 judicio
533 2313 674 2353 onmia
698 2312 780 2369 agit
802 2310 873 2368 qui
896 2311 1033 2359 venit,
1056 2312 1166 2353 sicut
1185 2310 1392 2367 scriptum
1415 2319 1503 2359 est,
1527 2310 1671 2353 dicens
1698 2325 1707 2351 ι

364 2399 380 2418 e
401 2382 489 2438 Ego
510 2383 662 2439 loquor
682 2381 887 2439 justitiam
916 2389 958 2423 et
978 2380 1186 2437 judicium
1208 2380 1402 2423 salutis⁸.
1423 2399 1439 2420 »

399 2505 405 2518 ¹
430 2497 582 2532 Germ-1,
600 2495 634 2536 4,
653 2497 682 2528 5.
701 2514 738 2518 -
757 2506 767 2517 ⁹
789 2495 892 2527 Exod.
913 2506 943 2531 v.
964 2507 993 2527 2.
1011 2513 1051 2519 —
1070 2496 1081 2516 3
1101 2494 1198 2527 Num.
1215 2505 1282 2533 xvl,
1308 2505 1338 2526 2.
1359 2512 1394 2518 -
1413 2495 1425 2516 ⁴
1439 2493 1545 2527 Exod.
1565 2505 1665 2534 xxxin,
1681 2505 1706 2525 1.

350 2569 388 2574 —-
408 2553 421 2574 ⁵
439 2551 559 2582 Mnnh.
576 2562 674 2585 nvn.
694 2551 807 2583 25-25.
837 2569 876 2574 —
896 2552 909 2571 ⁶
943 2561 953 2582 1
976 2551 1055 2592 Reg.
1082 2561 1152 2588 vm,
1171 2550 1203 2582 5.
1222 2567 1261 2572 —
1286 2555 1299 2577 ’1
1327 2549 1414 2582 Gen.
1433 2561 1454 2584 ι,
1480 2560 1529 2591 ²7·
1549 2567 1588 2574 -
1603 2552 1616 2572 ¹
1636 2550 1709 2582 teat.

349 2617 442 2643 anl,
464 2618 491 2638 1.
