1774 3158
293 243 379 294 486
796 257 1131 289 ANNo'rATtoNES.

290 345 337 376 αι
356 333 599 375 Dominum
615 333 647 375 J
649 349 770 376 esum
792 335 1012 379 Clirt‘stm'n
1030 338 1257 395 singulari
1276 341 1465 396 quodam
1477 341 1639 385 honore

283 413 589 461 prosequentes
603 436 614 452 ‚
646 406 706 445 ad
731 415 996 461 caeterormu
1013 408 1244 450 hominum
1264 412 1422 453 ordine
1441 428 1641 471 segrege-

287 491 388 517 mus
404 507 414 520 ‚
429 485 511 516 otc.
532 475 704 516 Habetis
725 477 961 519 doctrinam
981 478 1257 522 orthodoxam
1281 483 1392 524 clare
1410 492 1536 539 atque
1557 484 1639 526 dis·

285 547 416 588 tiucte
433 545 678 602 expositam.
696 546 893 589 Attamen
911 549 1047 590 adhuc
1061 551 1244 605 apertius
1257 551 1367 592 illam
1381 553 1641 610 Augustinus

285 615 467 672 explicat
487 629 577 672 cap.
594 631 607 656 1
624 615 870 658 loEnrltir.
890 632 1005 659 num.
1037 634 1089 674 ‘29
1104 651 1112 664 ‚
1135 620 1205 660 ubi
1225 629 1445 677 postquam
1466 623 1642 664 asseruit

286 684 526 742 negandum
545 701 629 726 non
651 701 740 727 esse
759 687 1067 741 defunctorum
1081 691 1260 729 animas
1279 692 1441 745 pietate
1461 707 1643 734 suorum

286 756 536 797 viventium
548 756 757 805 relevari,
777 773 966 812 cumpro
986 759 1074 800 olis
1088 760 1363 815 sacrificium
1382 761 1644 804 mediatoris

289 825 493 883 offertur,
509 827 579 868 vel
592 828 868 883 eleemosyna)
882 828 931 867 ἰη
948 827 1144 870 Eos-lesia
1160 830 1276 887 fiunt
1295 831 1464 885 quinam
1485 832 1542 872 iili
1562 832 1643 874 siut

290 897 447 953 quibus
477 912 524 938 ea
562 896 780 953 prosutura
803 899 1045 946 credantur,
1074 900 1210 941 docet.
1253 900 1429 941 Mortuis
1453 901 1580 956 igitur
1602 902 1644 942 iu

287 976 375 1007 tres
399 968 549 1008 classes
572 967 778 1008 distinctis
794 999 803 1014 ,
828 983 1006 1023 quarum
1030 969 1164 1024 prima
1187 979 1248 1011 est
1273 971 1392 1011 valde
1416 972 1640 1021 bonorum,

292 1037 438 1079 ultima
452 1039 572 1079 valde
585 1039 790 1079 malorum
805 1071 815 1086 ,
839 1039 994 1094 quibus
1014 1040 1200 1096 utrisque
1219 1055 1365 1098 preces
1381 1050 1422 1083 et
1438 1042 1657 1091 orationes-

291 1109 491 1166 prodesse
512 1117 637 1166 nogat
652 1140 662 1156 ‚
702 1110 818 1150 addit
857 1111 1044 1151 medium
1069 1113 1295 1167 quemdam
1331 1111 1523 1153 ordinem
1555 1127 1648 1154 esse

295 1195 373 1222 nec
386 1180 506 1221 valde
524 1180 732 1221 bonorum
746 1214 756 1229 ,
783 1196 920 1237 neque
938 1197 1082 1224 rursus
1101 1184 1220 1224 vaide
1242 1183 1472 1231 malorum,
1496 1183 1648 1240 quibus

293 1250 484 1291 vivorum
507 1250 641 1306 pietas
661 1253 834 1307 prodest
859 1252 1122 1293 :oblationes
1147 1253 1272 1310 igitur
1293 1262 1335 1295 ct
1361 1254 1650 1310 eleemosynas

292 1336 376 1379 pro
396 1321 526 1362 valde
550 1320 674 1362 bonis
696 1336 779 1363 osse
795 1323 1047 1378 gratiarum
1065 1324 1276 1370 actiones,
1302 1339 1384 1379 pro
1405 1339 1496 1365 ‘non
1519 1324 1652 1365 valate

295 1391 428 1432 malis
450 1392 807 1448 propitiationes,
825 1408 906 1447 pro
928 1393 1058 1434 valde
1078 1394 1210 1434 malis
1236 1394 1569 1448 qualescumque
1586 1393 1652 1435 υἱ·

295 1476 456 1502 vorum
478 1461 807 1503 consolationes.
834 1462 977 1518 Neque
1001 1462 1151 1504 dixeris
1171 1463 1439 1505 Ambrosium
1459 1472 1649 1505 nostrum

299 1531 350 1572 de
372 1530 665 1574 Valentiniano
684 1540 880 1588 tanquam
899 1531 984 1588 jam
1004 1533 1126 1574 beato
1142 1533 1208 1574 bic
1231 1533 1381 1590 passim
1404 1534 1544 1589 loqui;
1566 1548 1649 1575 uon

300 1601 414 1641 euim
437 1610 508 1642 aut
531 1602 580 1642 de
604 1600 755 1656 hujus,
783 1610 854 1643 aut
883 1603 934 1643 de
957 1602 1095 1658 Satyri
1131 1603 1410 1646 Theodosiive
1447 1604 1650 1645 beatitate

302 1671 421 1712 aliter
442 1671 554 1712 venit
581 1671 901 1729 intelligendus,
930 1674 1008 1714 nisi
1031 1673 1147 1730 quasi
1171 1673 1242 1729 qui
1267 1674 1332 1731 pia
1356 1674 1537 1730 quadam
1562 1689 1652 1715 cre·

301 1741 476 1783 dutitate
501 1743 652 1784 ductus
675 1744 887 1799 loquatur3
909 1744 974 1785 cui
990 1747 1393 1786 remunerationem
1412 1759 1649 1806 praesumo.

301 1812 436 1868 iuquit
451 1828 566 1855 num.
589 1815 658 1870 47.
672 1814 776 1866 Quae
787 1814 957 1871 quidem
977 1815 1042 1872 pia
1058 1816 1268 1871 persuasio
1287 1816 1510 1872 quominus
1527 1815 1654 1857 etiam

301 1897 414 1924 nunc
440 1898 517 1940 pro
542 1884 649 1925 bene
670 1885 814 1927 multis
845 1886 1165 1928 demortuorum
1200 1901 1348 1944 preces
1384 1885 1613 1929 offeramus
1637 1916 1649 1934 ,

302 1952 406 1995 nihil
429 1954 639 2011 prohibet.

662 2125 907 2155 ΔΝΝοΤΑΤιο
947 2111 1034 2167 (48)
1072 2127 1166 2170 pag.
1210 2127 1306 2168 117.

359 2264 626 2306 Marcellinus
656 2263 698 2305 in
727 2262 938 2305 Chronico
961 2271 1109 2306 auctor
1126 2273 1203 2311 est.
1222 2265 1444 2323 profligato
1465 2265 1658 2324 Eugenio

301 2343 455 2376 terram
486 2334 698 2375 continuis
721 2334 905 2375 motibus
931 2349 951 2375 a
981 2349 1123 2375 meuse
1147 2334 1384 2389 Septembri
1413 2337 1464 2377 ad
1482 2335 1660 2378 Novom-

299 2406 418 2447 brom
444 2420 576 2460 usque
603 2405 644 2445 ῐη
673 2405 924 2461 quibusdam
959 2405 1134 2461 Europae
1158 2405 1397 2461 regionibus
1421 2415 1659 2463 quassatam

299 2475 424 2516 fuisse
447 2474 627 2516 Arcadio
651 2490 680 2516 ιι
707 2507 716 2522 ,
742 2483 784 2516 et
809 2474 995 2516 Honorio
1021 2491 1064 2516 ιιι
1090 2490 1194 2518 coss.
1218 2475 1300 2519 hoc
1323 2484 1402 2525 est,
1421 2490 1531 2520 anno
1554 2475 1654 2533 594.

298 2545 370 2602 qui
391 2543 617 2588 Theodosii
640 2553 823 2588 mortem
844 2544 1083 2588 antecessit.
