1774 3158
425 240 474 265 DF,
506 238 629 265 OBITU
666 238 886 266 '1‘1113000511
920 240 1089 271 ORATIO.
1352 245 1431 287 129

90 316 347 365 »columbae‚
373 325 415 357 et
441 317 590 357 volabo
613 324 654 357 et
682 316 1151 372 requiescan1¹P»11anc
1173 331 1340 364 sanetus
1364 339 1432 364 re-

88 386 224 442 quiem
241 401 356 426 suam
369 385 499 433 novit,
525 387 575 427 ad
596 386 703 427 hanc
721 387 909 443 requiem
924 394 1253 434 convertendum
1286 393 1433 435 anima:

87 471 169 497 suae
197 454 308 497 dicit.
337 455 436 496 Erat
457 470 557 511 ergo
587 455 721 496 anima
746 456 787 497 in
813 457 956 513 requie
986 474 1082 508 sua,
1110 462 1161 502 ad
1183 476 1307 517 quam
1329 462 1430 504 dicit

87 539 174 566 esse
197 524 473 566 redeundum.
494 525 591 566 Haec
614 532 675 566 est
692 524 856 580 requies
878 526 1041 568 sabbati
1063 530 1228 584 magni,
1246 539 1292 572 ut
1314 547 1433 574 unus-

85 593 260 650 quisque
283 595 534 635 ,Sanctorum
556 609 680 650 supra
708 595 856 636 mundi
878 595 1086 638 sensibilia
1105 598 1182 646 sit,
1208 599 1249 640 iu
1272 600 1342 641 illo
1366 601 1432 642 in-

87 663 289 719 telligibili
312 672 473 706 secreto
493 663 814 712 totusintentus,
831 672 956 721 atque
981 666 1197 708 adhaerens
1222 669 1432 712 Deo.llaec

85 742 146 775 est
167 733 330 789 requies
360 733 427 775 illa
450 733 610 775 sabbati
631 766 642 782 ‚
680 748 764 790 quo
790 735 994 791 requievit
1016 736 1128 778 Deus
1153 737 1204 778 ab
1235 738 1431 782 omnibus

85 803 280 860 operibus
311 803 458 845 mundi
479 802 632 845 istius².

141 874 285 917 XXX.
317 873 506 916 Feriatus
527 873 590 915 his
609 873 749 916 saeeuli
767 874 878 917 curis
897 874 1158 919 Theodosius
1176 892 1219 919 se
1241 887 1434 935 ereptum

82 944 252 1001 gaudet,
279 952 320 985 et
336 945 468 985 elevat
483 943 665 985 animam
685 959 818 993 suam,
840 953 964 1001 atque
984 947 1034 988 ad
1052 946 1165 988 illam
1183 956 1434 1005 perpetuam

83 1015 221 1071 dirigit
243 1013 454 1070 requiem,
487 1014 665 1070 pulchre
691 1015 770 1056 sibi
804 1017 1044 1058 consultum
1077 1031 1289 1067 asserens,
1317 1021 1431 1075 quod

81 1084 281 1140 eripuerit
297 1084 477 1125 animam
498 1084 587 1140 ejus
606 1085 716 1126 Deus
734 1086 784 1126 de
802 1094 940 1127 morte
954 1085 986 1135 ³,
1007 1101 1133 1142 quam
1153 1096 1334 1130 mortem
1356 1090 1433 1131 sre-

81 1162 257 1210 quenter
277 1153 318 1194 in
342 1153 421 1195 hoc
442 1154 581 1195 saeculi
603 1154 719 1196 istius
740 1154 904 1196 lubrico
928 1155 1184 1204 sustinebat,
1216 1156 1427 1213 inquietus

78 1224 279 1266 fluctibus
297 1232 568 1281 peccatorum
590 1239 599 1266 :
621 1224 824 1281 eripuerit
841 1224 967 1266 etiam
988 1226 1133 1266 oeulos
1149 1225 1239 1282 ejus
1258 1240 1278 1267 a
1295 1227 1430 1283 lacry-

78 1296 179 1343 mis;
213 1295 342 1351 fugiet
371 1294 483 1335 enim
515 1295 633 1335 dolor
669 1302 711 1335 et
737 1294 904 1336 tristitia
937 1303 978 1336 et
999 1294 1218 1352 gemstus‘.
1246 1296 1297 1337 Et
1331 1296 1427 1338 alibi

79 1365 284 1408 habemus
311 1363 531 1406 :aDelebit
552 1378 722 1405 omnem
747 1363 982 1420 lacrymam>
1015 1365 1066 1405 ab
1099 1364 1232 1406 oculis
1254 1380 1425 1413 eorum,

80 1453 95 1475 »
110 1443 151 1476 et
168 1449 279 1475 mors
302 1449 386 1475 non
409 1433 488 1475 erit
510 1433 685 1489 amplius
701 1466 712 1482 ‚
737 1448 875 1489 neque
896 1434 1057 1482 luctus,
1089 1448 1226 1489 neque
1247 1434 1425 1482 clamor,

77 1519 242 1560 »neque
280 1503 442 1545 dolor⁵.
469 1502 542 1544 »Si
569 1517 667 1560 ergo
699 1518 811 1544 mors
843 1518 929 1545 non
950 1503 1028 1545 erit
1047 1535 1058 1551 ‚
1087 1503 1250 1560 lapsum
1275 1505 1429 1545 sentire

77 1589 161 1616 non
194 1573 350 1630 poterit
376 1572 418 1613 in
440 1571 509 1614 illa
537 1572 679 1628 requie
711 1572 991 1614 constitutus:
1019 1571 1092 1614 sed
1120 1572 1304 1629 placebit
1337 1573 1427 1615 Deo

77 1644 118 1686 in
156 1644 325 1700 regione
370 1642 575 1684 vivorum.
611 1641 703 1684 Non
738 1642 850 1684 enim
890 1651 938 1684 ut
963 1642 1031 1684 hic
1064 1642 1191 1684 homo
1218 1642 1429 1685 involutus

76 1721 138 1756 est
186 1714 334 1755 mortis
373 1727 549 1769 corpore
591 1713 775 1755 obnoxio
824 1712 1008 1769 lapsibus
1053 1721 1176 1769 atque
1223 1713 1384 1755 delictis
1413 1730 1425 1762 ;

76 1785 132 1827 ita
168 1793 208 1825 et
239 1783 337 1825 illic.
373 1783 557 1838 Ideoque
591 1783 706 1839 regio
736 1783 802 1824 illa
840 1782 1030 1823 vivorum
1059 1790 1151 1832 est,
1189 1782 1263 1823 uhi
1293 1782 1426 1824 anima

75 1862 158 1902 est,
181 1868 271 1910 quae
294 1853 344 1894 acl
364 1852 589 1908 imaginem
608 1860 649 1894 et
671 1851 988 1894 similitudinem
1008 1850 1085 1892 Dei
1107 1850 1213 1894 sacta
1237 1861 1322 1901 est,
1344 1867 1428 1894 nou

75 1937 172 1964 caro
203 1921 379 1979 figurata
403 1921 452 1963 de
476 1921 611 1963 limo⁶.
646 1922 745 1963 Ideo
775 1935 872 1963 caro
904 1921 946 1962 in
982 1929 1136 1962 terram
1172 1921 1421 1972 revertitur,

75 1993 210 2034 anima
230 1993 282 2034 ad
304 1991 492 2048 requiem
520 1991 689 2034 festinat
716 2006 940 2049 supernam
957 2023 966 2039 ,
994 1991 1061 2033 cui
1085 1991 1238 2033 dieitur
1262 1992 1422 2033 :aCon-

74 2071 283 2111 uertere,
313 2063 447 2103 anima
474 2077 587 2110 mea,
618 2061 660 2102 in
684 2061 872 2117 requiem
895 2059 1054 2102 tuam⁷.
1070 2078 1085 2099 ι)

130 2131 288 2173 XXXI.
327 2131 374 2172 In
402 2146 526 2187 quam
559 2130 769 2172 festinavit
794 2130 950 2172 intrare
976 2129 1263 2180 Theodosius,
1293 2139 1418 2188 atque

71 2202 232 2258 ingredi
254 2201 463 2242 civitatem
484 2200 743 2242 Hierusalem
758 2233 768 2249 ‚
790 2201 840 2242 de
865 2215 943 2256 qua
966 2201 1125 2243 dietum
1150 2209 1212 2243 est
1239 2217 1247 2242 :
1266 2201 1341 2243 «Et
1357 2217 1418 2244 re-

72 2292 87 2312 ‚›
102 2288 170 2330 ges
200 2281 320 2314 terra:
348 2271 480 2313 serent
514 2272 687 2328 gloriam
715 2287 833 2313 suam
859 2271 900 2312 in
927 2272 1078 2314 illam⁸.
1098 2273 1200 2314 »Illa
1231 2281 1294 2315 est
1322 2288 1417 2315 vera

73 2343 221 2400 gloria,
248 2359 339 2400 quse
362 2343 418 2384 ibi
439 2344 635 2391 sumitur3
657 2343 761 2385 illud
777 2358 950 2400 regnum
970 2342 1279 2393 beatissimum,
1303 2346 1418 2401 quod

74 2414 130 2457 ihi
147 2414 405 2470 possidetur,
427 2414 476 2455 ad
495 2414 608 2469 quod
629 2413 852 2455 festinabat
868 2413 1118 2470 Apostolus,
1139 2413 1281 2456 dicens
1303 2429 1312 2455 ε
1336 2414 1417 2455 Au-

118 2515 126 2529 ¹
149 2505 412 2546 Psal.1„xv.7.-
430 2514 440 2527 ¹
458 2506 698 2540 (irn.1·-‚2.—
718 2507 729 2527 ³
744 2504 826 2535 Ral.
850 2515 936 2541 cxiv,
964 2505 994 2535 8.
1027 2523 1064 2528 -
1092 2505 1165 2536 Isa'i.
1190 2516 1286 2543 xxxv,
1307 2515 1355 2537 ιο.
1381 2523 1420 2529 -

76 2564 88 2586 ⁵
107 2562 207 2604 Apoc.
222 2571 271 2590 xxi
301 2559 332 2596 st.
355 2577 391 2583 —
407 2561 420 2581 ὓ
438 2560 522 2591 Gen.
542 2571 565 2599 1,
585 2571 632 2602 27.
650 2578 682 2583 —-
704 2559 810 2591 7Psal.
831 2570 917 2591 cmxx
935 2571 967 2601 9.
990 2575 1029 2582 ⁶-
1048 2561 1060 2581 ⁸
1085 2559 1184 2602 Apoc-
1201 2568 1267 2597 xm,
1287 2558 1337 2596 24.

220 2630 299 2657 in.
1247 2629 1271 2669 9
