1774 3158
496 232 790 271 Er1s'r0LAauM'
813 243 968 272 crass1s
1002 245 1028 271 1.
1366 234 1450 275 365

96 323 275 370 mirum;
305 320 512 378 siquidem
552 329 663 362 tanta
709 328 771 362 est
811 321 1128 363 incredulorum
1167 323 1339 379 perfidia
1357 357 1366 372 ‚
1402 333 1451 367 ut

96 395 356 436 tolerabilior
377 393 428 434 sit
452 392 606 434 diaboli
629 393 877 449 plerumque
901 393 1121 435 consessio.
1145 394 1324 437 Dicebat>
1341 397 1454 439 enim

98 465 287 506 diabolus
315 479 324 504 z
348 483 364 502 α
388 462 490 504 Jesu
515 462 593 503 Fili
616 462 692 503 Dei
718 461 822 510 vivi,
855 462 957 518 quid
991 464 1137 504 venisli
1168 473 1263 506 ante
1288 473 1454 522 tempus

96 543 322 590 »torquere
343 533 443 575 n0s¹
467 533 484 573 Ξ)
508 533 702 573 »Etcum
725 531 813 573 hoec
832 532 1025 574 audirent
1041 532 1176 574 Judaei
1193 551 1202 581 ;
1219 535 1295 591 ipsi
1315 544 1455 577 tamen

96 603 172 646 Dei
194 603 347 646 Filium
380 603 658 658 denegabant.
684 602 735 642 Et
764 616 878 643 nunc
909 602 1082 643 audistis
1116 604 1343 645 clamantes
1375 605 1454 645 dae-

96 689 241 716 mones
259 707 268 721 ‚
292 681 333 715 et
366 672 616 714 confitentes
648 671 906 728 martyribus
929 673 1043 728 quod
1072 688 1216 729 pesnas
1239 674 1347 715 serre
1370 690 1453 716 non

97 745 280 802 possint,
303 752 344 785 et
375 743 561 784 diceutes
590 758 599 783 ε
636 742 748 794 Quid
776 742 969 795 venistis,
996 751 1042 784 ut
1066 757 1139 784 nos
1165 752 1247 784 lam
1273 746 1454 799 graviter

99 813 356 869 torqueatis?
382 813 432 852 Et
458 811 623 853 Arriani
649 812 796 853 dicunt
823 826 831 852 t
857 812 950 854 Nou
985 820 1082 853 sunt
1120 812 1183 853 isti
1218 822 1449 869 martyres,

97 898 175 925 nec
199 892 395 939 torquere
426 882 640 923 diabolum
675 891 876 939 possunt,
917 898 995 924 nec
1037 883 1216 939 aliquem
1245 885 1451 932 liberare3

97 968 194 994 cum
215 961 424 995 tormenta
445 953 685 993 daemonum
707 953 892 1009 ipsorum
911 967 1015 994 voce
1038 955 1289 1009 probentur,
1317 963 1357 995 et
1382 955 1453 996 be-

98 1023 246 1065 nesscia
280 1032 514 1078 martyrum
548 1023 743 1063 remediis
775 1032 1042 1074 sanatorum,
1083 1033 1124 1064 et
1164 1024 1453 1066 absolutorum

98 1093 260 1134 indiciis
284 1094 565 1134 declarentur.

154 1161 290 1205 XVII.
328 1163 488 1219 Negant
513 1176 669 1202 esecuu]
697 1161 978 1203 illuminatum
997 1195 1008 1210 ,
1039 1164 1111 1203 sed
1135 1163 1203 1204 ille
1227 1179 1310 1204 non
1331 1173 1453 1220 negat

98 1249 139 1274 se
158 1242 365 1276 sanatum,
394 1235 467 1275 Ille
485 1233 612 1274 dicit:
632 1232 780 1283 Video,
805 1234 978 1289 quinon
998 1234 1204 1275 videbam.
1229 1235 1303 1276 Ille
1322 1236 1450 1277 dicit:

98 1303 242 1344 Caecus
266 1318 354 1344 esse
373 1302 501 1344 desivi
518 1319 529 1350 ;
548 1310 588 1342 ct
603 1302 754 1358 probat
775 1302 898 1343 facto.
915 1304 986 1344 Isti
1006 1304 1259 1345 beneficium
1278 1313 1444 1360 negant,

97 1374 167 1429 qui
200 1374 356 1415 factum
392 1388 544 1429 negare
576 1387 659 1412 non
683 1380 870 1428 possunt.
900 1373 1031 1415 Notus
1055 1374 1182 1414 homo
1219 1382 1280 1415 est
1307 1375 1446 1430 (155),

96 1444 276 1499 publicis
307 1458 402 1485 cum
437 1444 592 1484 x‘aleret
615 1444 878 1498 mancipatus
902 1443 1111 1498 obsequiis
1128 1476 1138 1491 ,
1169 1443 1347 1484 Severus
1372 1459 1451 1485 no·-

96 1513 234 1560 miue,
267 1514 401 1554 lanius
433 1512 678 1553 ministerio.
707 1513 1200 1568 Deposueratollieium,
1225 1522 1450 1569 postquam

97 1584 301 1624 inciderat
321 1583 683 1639 impedimentum.
708 1581 838 1624 Vocat
857 1584 908 1623 ad
927 1583 1213 1623 testimonium
1241 1583 1448 1631 homines,

97 1670 275 1710 quorum
314 1664 408 1695 ante
445 1654 758 1694 sustentabatur
794 1654 1004 1709 obsequiis
1034 1669 1041 1694 :
1075 1670 1144 1695 eos
1179 1654 1337 1695 iudices
1365 1669 1450 1695 suae

98 1725 340 1765 xisitaliouis
369 1724 680 1778 arcessit,quos
704 1724 887 1764 hahebat
911 1732 1034 1765 testes
1059 1733 1100 1765 el
1128 1725 1307 1766 arbitros
1327 1726 1453 1767 caeci-

100 1795 202 1835 [alis.
222 1795 489 1849 Clamatqu'ia
511 1793 744 1849 utcomigit
767 1792 978 1834 fimbriam
999 1795 1050 1835 de
1070 1803 1182 1835 vesle
1199 1803 1448 1851 martyrum,

97 1880 175 1919 qua
200 1880 326 1906 sacrae
351 1864 536 1919 rcliquiae
560 1863 815 1910 vestiuntur,
837 1863 1049 1904 redditum
1075 1863 1150 1904 sibi
1172 1864 1314 1904 lumen
1338 1865 1403 1905 sit.

155 1934 302 1976 XVIII.
344 1935 490 1976 Nonne
528 1934 663 1975 simile
696 1934 808 1974 istud
845 1943 932 1982 est,
972 1942 1096 1989 atque
1135 1934 1238 1974 illud
1261 1936 1374 1990 quod
1408 1935 1450 1975 in

96 2004 318 2061 Evangelio
338 2005 512 2061 legimus
530 2004 546 2044 'a’
571 2004 701 2045 [nius
726 2004 838 2044 euim
857 2004 1089 2060 polentiam
1110 2004 1331 2045 laudamus
1351 2020 1450 2046 auc-

96 2074 196 2115 toris
221 2091 230 2113 z
259 2089 335 2115 nec
360 2074 531 2115 interest
550 2083 692 2114 ulrum
716 2089 821 2129 opus
859 2075 934 2122 sit,
974 2088 1025 2114 an
1057 2088 1237 2122 muuu53
1275 2089 1372 2116 cum
1408 2083 1451 2116 et

95 2153 340 2185 muneretur
358 2145 397 2185 iu
421 2159 569 2200 opere,
591 2152 632 2184 et
661 2153 860 2199 operetur
884 2143 925 2184 iu
951 2159 1143 2185 munere.
1174 2145 1300 2195 Quod
1336 2144 1449 2186 enim

98 2212 185 2253 aliis
218 2214 458 2255 faciendum
493 2214 735 2261 donaverit,
760 2213 840 2255 hoe
865 2214 907 2254 iu
931 2213 1106 2255 aliorum
1142 2229 1267 2270 opere
1298 2229 1452 2256 nomen

97 2284 187 2339 rjus
216 2293 425 2339 operatur.
459 2283 654 2339 Legimus
675 2298 773 2340 ergo
798 2283 837 2324 in
872 2284 1097 2340 Evangelio
1131 2284 1323 2330 Judaeos,
1350 2299 1448 2325 eum

96 2354 286 2399 viderent
310 2354 349 2394 in
382 2354 451 2394 illo
486 2368 599 2394 caeco
623 2353 811 2394 sanitatis
839 2355 1097 2402 remedium,
1132 2354 1351 2410 requisisse
1383 2370 1451 2410 pa·

97 2432 262 2479 reulum
287 2423 585 2465 testimonium.
610 2424 1192 2480 Interrogabaut:Quomodo
1209 2425 1321 2466 videt
1342 2423 1452 2465 filius

97 2494 268 2536 vester?
293 2494 399 2536 Cum
416 2494 484 2536 ille
511 2494 672 2537 diceret
697 2495 902 2538 :acaecus
925 2509 1024 2538 cum
1046 2510 1205 2545 essem,
1231 2494 1357 2538 modo
1401 2495 1457 2536 vi-

145 2594 151 2607 ¹
176 2584 295 2617 Manli.
312 2595 388 2624 vui,
409 2596 459 2627 29·
