1774 3158
312 202 367 260 74
870 217 901 244 s.
942 216 1132 246 Aunnosu

312 293 527 352 adjuvaret
549 309 646 338 eum
664 328 673 344 ‚
704 293 745 338 in
767 309 851 353 quo
881 306 1022 339 creata
1044 305 1140 340 sunt
1167 296 1331 346 omnia,
1365 304 1406 340 et
1436 296 1575 341 omnia
1614 298 1656 342 in

313 365 402 423 ipso
425 367 642 408 constant¹
663 364 681 407 Ξ)
723 366 827 418 Quis
847 366 1063 423 adjuvaret
1092 383 1210 416 eum,
1241 366 1310 424 qui
1341 367 1480 410 omnia
1505 368 1545 410 in
1571 383 1659 412 mo-

312 445 456 478 mento
481 436 578 478 facit
598 469 609 484 ,
635 444 676 478 et
698 436 741 478 in
759 438 981 479 novissima
1004 438 1105 479 tuba
1127 446 1316 479 mortuos
1339 437 1547 480 suscitat?
1568 438 1660 481 Non

314 507 408 562 quia
433 515 502 548 aut
525 507 659 564 prima
680 541 690 555 ‚
714 515 784 549 aut
806 508 988 549 secunda
1013 523 1096 548 non
1115 509 1268 565 possit,
1296 516 1367 550 aut
1394 508 1514 550 tertia
1550 523 1560 550 ε
1589 510 1662 551 sed

317 578 421 618 ordo
440 587 643 626 servatur,
666 592 748 619 non
765 592 848 634 quo
866 577 1088 619 difficultas
1111 593 1202 619 sero
1225 578 1429 620 vincenda
1443 611 1453 627 ,
1473 580 1547 621 sed
1567 579 1663 637 legi-

316 647 442 689 timus
461 663 660 689 numerus
688 647 962 704 explicandus
984 648 1048 689 sit.

375 717 460 759 CV.
499 719 681 775 Tempus
696 726 850 766 autem,
866 717 1060 766 arbitror,
1080 719 1129 759 de
1147 718 1341 761 tubarum
1354 719 1491 776 specie
1508 718 1662 768 dicere,

319 787 515 842 quoniam
538 802 675 829 sermo
698 788 953 845 propinquat
984 790 1034 830 ad
1059 787 1212 837 finem;
1251 798 1299 831 ut
1335 790 1462 831 nostri
1500 804 1667 846 quoque

321 857 642 899 consummandi
665 857 818 914 eloquii
837 858 938 902 tuba
963 858 1014 900 sit
1031 859 1207 914 signum.
1236 858 1403 916 Septem
1428 859 1547 901 tubas
1565 858 1668 916 legi-

320 940 414 967 mus
450 927 490 967 in
523 927 775 985 Apocalypsi
806 927 1017 975 Joannis²‚
1044 943 1144 984 quas
1166 937 1325 985 septem
1347 943 1560 985 sumpsere
1581 929 1669 971 An-

321 997 414 1053 geli.
453 997 533 1038 Ubi
558 989 686 1039 habes
709 998 906 1054 quoniam
931 999 1132 1056 septimus
1159 998 1340 1056 Angelus
1365 1000 1462 1041 tuba
1491 1000 1668 1051 cecinit,

322 1075 362 1108 et
384 1067 492 1109 sacta
515 1076 577 1109 est
597 1082 676 1109 vox
698 1083 848 1124 magna
873 1069 924 1109 de
952 1069 1057 1110 coelo
1077 1069 1220 1110 dicens
1242 1085 1250 1111 :
1269 1070 1469 1111 «Factum
1495 1079 1557 1111 est
1579 1085 1672 1127 rog-

322 1154 337 1174 »
353 1151 453 1177 num
475 1137 601 1192 hujus
618 1137 766 1177 mundi
785 1138 859 1178 Dei
881 1138 1034 1184 nostri,
1057 1146 1098 1178 et
1115 1138 1269 1179 Christi
1286 1139 1376 1194 ejus
1390 1171 1400 1186 ,
1423 1148 1464 1180 et
1484 1139 1674 1196 regnabit

330 1227 344 1246 »
360 1208 398 1249 in
425 1210 574 1249 saecula
599 1207 889 1250 saeculorum³.
910 1226 925 1246 1>
949 1208 1065 1250 Tuba
1086 1209 1253 1264 quidem
1274 1218 1313 1250 et
1334 1225 1410 1266 pro
1435 1225 1538 1251 voce
1565 1211 1677 1251 acci-

322 1278 451 1334 pitur,
473 1279 565 1334 quia
585 1279 712 1319 habes
731 1293 739 1319 :
758 1278 996 1330 «Quoniam
1010 1294 1109 1320 ecco
1122 1280 1273 1320 ostium
1287 1289 1475 1336 apertum
1491 1280 1530 1321 in
1550 1281 1673 1329 coelo,

324 1357 395 1390 »et
413 1363 491 1390 vox
514 1349 643 1405 prima
660 1381 671 1396 ,
693 1364 817 1405 quam
840 1348 978 1390 audivi
1001 1382 1010 1396 ,
1036 1350 1143 1391 sicut
1161 1350 1300 1390 tubam
1326 1351 1566 1406 loquentem
1592 1365 1675 1391 me·

326 1436 340 1456 n
356 1433 452 1459 cum
477 1427 518 1459 et
541 1418 750 1460 dicentem
778 1417 1023 1461 :aAscendo
1046 1419 1155 1465 huc,
1182 1428 1219 1460 ct
1243 1421 1459 1460 ostendam
1487 1419 1559 1460 tibi
1584 1433 1674 1474 quae

323 1498 519 1546 »oportet
543 1489 674 1531 fieri⁴.
697 1510 711 1528 »
743 1489 937 1547 Legimus
968 1491 1092 1530 etiam
1133 1506 1141 1531 :
1175 1508 1187 1527 «
1210 1490 1356 1532 Canite
1380 1490 1497 1531 initio
1523 1490 1675 1531 mensis

323 1581 337 1598 »
354 1560 477 1602 tuba-⁴
496 1561 622 1608 ;»sed
645 1560 771 1602 etiam
795 1560 890 1601 alibi
916 1560 1157 1602 :aLaudate
1179 1562 1334 1608 eumin
1353 1576 1454 1602 sono
1479 1560 1631 1603 tubae⁶.
1650 1578 1665 1599 n

384 1629 490 1671 CVI.
529 1631 637 1687 Ergo
677 1630 778 1687 quid
811 1630 888 1672 sibi
921 1631 1020 1671 velit
1050 1631 1246 1671 tubarum
1278 1630 1525 1687 significatio
1562 1630 1676 1672 omni

325 1701 478 1743 virtute
502 1702 704 1743 debemus
731 1703 950 1743 advertere
972 1719 981 1749 3
1007 1717 1059 1742 ne
1082 1703 1195 1758 quasi
1225 1702 1405 1744 fabulam
1431 1702 1594 1744 aniliter
1615 1717 1678 1744 ac·

324 1771 524 1828 cipientes
548 1772 859 1829 periclitemur,
890 1772 920 1812 si
945 1772 1112 1828 indigna
1145 1773 1339 1829 dogmate
1369 1772 1567 1830 spiritali,
1600 1786 1677 1813 nec

325 1841 614 1883 convenientia
628 1841 941 1898 Scripturarum
957 1840 1194 1883 emim—mire
1207 1842 1446 1882 sentiamus.
1461 1841 1562 1884 Nam
1580 1855 1678 1891 cum

325 1913 551 1969 legerimus
574 1913 730 1954 bellum
756 1913 876 1953 nobis
903 1928 994 1953 esse
1018 1928 1099 1952 non
1122 1913 1316 1953 adversus
1335 1927 1504 1954 caruem
1526 1921 1568 1954 et
1588 1928 1679 1954 san-

327 1984 495 2040 guinem
510 2015 520 2031 ,
547 1984 618 2024 sed
639 1984 836 2024 adversus
857 1981 1052 2039 spiritalia
1073 1981 1266 2037 nequitiae
1282 2014 1291 2029 ,
1314 1996 1403 2037 quae
1426 1991 1523 2023 sunt
1539 1983 1578 2023 in
1600 1997 1679 2023 coe-

328 2054 500 2094 lcstibus
520 2053 531 2073 ⁷
552 2070 561 2099 ;
604 2068 687 2093 non
736 2053 916 2093 carnalia
956 2052 1100 2106 utique
1142 2067 1252 2092 arma
1274 2068 1283 2098 ;
1329 2053 1399 2092 sed
1440 2052 1559 2092 sortia
1590 2052 1677 2093 Deo

325 2123 530 2164 :estimare
556 2122 800 2164 debemus⁸.
830 2122 920 2164 Non
945 2122 1056 2163 eninv.
1080 2122 1178 2163 satis
1201 2131 1262 2163 ost
1288 2122 1428 2162 tubam
1453 2130 1493 2163 te
1509 2122 1648 2163 videre
1665 2153 1678 2171 ,

331 2209 408 2235 nec
432 2209 581 2235 sonum
603 2193 693 2249 ejus
717 2194 861 2234 audire
876 2226 886 2242 ,
924 2192 1000 2234 nisi
1025 2192 1324 2248 proprietatem
1344 2193 1504 2234 sonitus
1525 2193 1679 2234 intelli-

332 2280 416 2321 gas.
444 2265 609 2306 Etenim
647 2264 678 2306 si
718 2264 920 2305 incertam
944 2277 1088 2304 vocem
1115 2262 1185 2303 det
1207 2262 1330 2309 tuba,
1356 2264 1566 2318 quomodo
1589 2263 1678 2319 quis

328 2335 496 2392 parabit
518 2350 560 2376 se
585 2336 634 2376 ad
655 2334 814 2376 bellum
835 2332 852 2374 P
875 2334 994 2374 Unde
1023 2340 1189 2389 oportet
1207 2332 1321 2372 vocis
1343 2333 1454 2373 tubae
1476 2347 1550 2373 nos
1573 2333 1678 2374 scire

329 2405 528 2447 virtutem
550 2438 560 2452 ‚
596 2420 648 2446 ne
668 2405 886 2446 videamur
910 2403 1077 2444 barbari
1115 2404 1203 2457 (24)
1222 2435 1231 2449 ‚
1265 2417 1362 2443 cum
1384 2403 1504 2443 tubas
1530 2402 1679 2457 hujus-

369 2505 375 2518 ¹
404 2506 415 2526 ι
433 2496 508 2528 Cor.
527 2506 579 2534 xv,
597 2497 648 2526 52.
666 2514 706 2519 -
722 2504 734 2517 ⁸
752 2496 854 2537 Apoc.
885 2506 958 2528 vin.
987 2505 1017 2526 2.
1035 2511 1073 2517 —
1093 2495 1105 2515 3
1125 2493 1171 2524 Id.
1205 2504 1250 2530 xi,
1286 2494 1332 2523 15.
1355 2510 1388 2516 -
1409 2495 1422 2519 ⁴
1437 2492 1488 2523 Id.
1514 2503 1557 2526 ιν.
1595 2502 1621 2524 ι.
1639 2509 1680 2516 -—

322 2551 333 2571 ⁵
351 2549 433 2582 Psal.
451 2560 544 2584 Lux,
562 2550 593 2587 4.
607 2568 640 2573 -
665 2550 678 2570 ⁶
695 2550 749 2581 ld.
765 2560 813 2585 cn,
832 2549 861 2580 3.
887 2567 926 2572 —
947 2555 959 2578 ⁷
977 2546 1094 2590 Ephes.
1112 2558 1156 2587 v1,
1180 2557 1227 2581 12.
1246 2565 1285 2570 -—
1303 2548 1316 2568 Β
1338 2558 1354 2578 2
1370 2547 1447 2578 Gor.
1465 2557 1501 2582 x,
1517 2545 1548 2584 4.

1768 1201 1772 1237 i

1769 1254 1772 1284 1

1769 1300 1774 1337 t

1772 1388 1774 1396 A

1772 1454 1774 1467 ι

1772 1480 1774 1497 4

1772 1506 1774 1522 1
