1774 3158
509 187 796 218 EPlsTOLARUM
830 188 988 219 cLAssm
1022 193 1048 220 ι.
1386 186 1469 241 289

123 263 223 306 tiani
250 263 290 306 in
312 278 424 306 aram
446 263 586 321 jurare
611 266 841 322 cogentur?
866 267 980 318 Quid
1001 278 1062 311 est
1083 269 1247 327 jurare,
1273 273 1350 315 nisi
1373 274 1465 331 ejus

123 349 247 391 quem
286 335 443 377 testatis
480 334 578 376 fidei
612 344 691 376 tuce
730 338 949 393 praesulcm
970 371 980 386 ,
1020 339 1200 382 divinam
1238 344 1468 399 potentiam

123 405 342 446 confiteri?
371 406 429 448 Te
459 406 734 462 imperatore,
773 406 854 448 hoe
883 408 1040 463 petitur
1063 418 1104 451 et
1135 414 1394 466 postulatum
1423 422 1469 455 ut

124 490 236 517 aram
258 476 404 532 jubeas
426 476 602 524 elevari,
627 484 842 531 sumptum
866 476 1081 520 sacrificiis
1105 481 1286 536 profanis
1305 483 1423 524 dari?j

179 547 232 589 X.
270 546 352 588 Sed
376 547 454 588 hoc
478 561 561 588 non
592 554 728 603 potest
757 546 846 588 sine
883 548 1100 605 sacrilegio
1131 551 1325 600 decerni,
1362 556 1471 595 undo

122 630 222 673 rogo
245 623 283 658 te
307 632 358 658 ne
378 617 418 658 id
438 618 664 664 decernas,
695 624 850 657 statuas
868 648 878 664 ,
910 619 975 659 vel
999 618 1041 658 in
1071 619 1279 675 ejusmodi
1304 623 1472 665 decreta

78 694 80 704 ’
122 685 373 743 subscribas.
395 686 610 727 Convenio
630 685 756 727 fidem
776 694 891 727 tuam
916 686 1071 729 Christi
1091 692 1306 731 sacerdos:
1330 707 1473 734 ornnes

123 755 441 799 conveniremus
461 755 662 812 episcopi,
687 755 765 797 nisi
784 756 1031 798 incredibile
1048 758 1129 800 hoc
1154 768 1194 801 et
1211 763 1476 817 repentinum

121 827 174 868 ad
211 842 329 868 aures
365 826 622 883 pervenisset
654 826 898 874 hominum,
930 829 1042 882 quod
1075 829 1155 870 tale
1187 830 1342 886 aliquid
1375 844 1479 873 essct

120 899 184 940 vel
225 898 264 939 in
306 897 552 940 consistorio
595 901 833 953 suggestum
873 906 966 945 tuo,
1012 899 1078 940 vel
1121 915 1140 940 a
1187 909 1333 942 senatu
1368 903 1477 958 peti-

59 976 62 988 ’
122 977 226 1010 tum.
249 967 332 1010 Sed
359 968 465 1009 absit
491 976 535 1009 ut
553 967 633 1008 hoe
650 976 818 1009 senatus
841 969 994 1024 petisse
1014 968 1207 1010 dicatur:
1236 972 1358 1027 pauci
1384 986 1480 1027 gen-

122 1038 214 1079 tiles
245 1037 460 1079 communi
495 1045 671 1078 utuntur
696 1037 878 1078 nomine.
917 1037 1021 1079 Nam
1056 1046 1095 1079 et
1130 1047 1225 1080 ante
1260 1040 1480 1081 biennium

122 1106 274 1154 ferme,
304 1121 401 1147 cum
425 1106 504 1148 hoo
535 1115 678 1163 petere
718 1115 950 1155 tentarent,
994 1107 1106 1148 misit
1138 1109 1189 1149 ad
1213 1124 1279 1149 mo
1305 1119 1474 1151 sanctus

121 1176 323 1217 Damasus
340 1176 537 1217 Romame
557 1175 754 1217 Eeclesiae
777 1177 972 1218 sacerdos
988 1210 997 1224 ,
1025 1177 1186 1232 judicio
1206 1179 1281 1220 Dei
1304 1180 1479 1227 electus,

122 1247 312 1287 libellum
339 1261 463 1302 quem
494 1245 705 1287 christiani
739 1256 952 1288 senatores
981 1248 1211 1296 dederunt,
1242 1258 1285 1291 et
1309 1250 1480 1306 quidem

123 1317 356 1366 innumeri,
398 1318 656 1373 postulantes
685 1316 790 1358 nihil
815 1333 858 1358 se
885 1319 964 1359 tale
997 1320 1232 1368 mandasse,
1270 1335 1354 1361 non
1384 1336 1482 1362 con-

123 1403 273 1443 gruere
305 1386 522 1443 gentilium
554 1386 789 1428 istiusmodi
825 1388 1123 1442 petitionibus,
1171 1404 1256 1430 non
1292 1391 1482 1446 praebore

123 1471 375 1497 consensum
399 1470 407 1495 ε
434 1455 567 1510 questi
586 1455 710 1496 otiam
731 1455 900 1511 publice
919 1457 1197 1513 privatimque
1215 1473 1257 1499 se
1279 1473 1363 1499 non
1387 1474 1485 1500 con>

124 1532 319 1565 venturos
334 1525 384 1565 ad
408 1524 591 1571 curiam,
614 1524 646 1564 si
672 1525 753 1565 tale
777 1525 933 1580 aliquid
953 1527 1267 1568 decernes-etur.
1298 1527 1482 1583 Dignum

122 1603 183 1635 est
214 1594 475 1650 temporibus
500 1593 671 1642 vestris,
712 1595 791 1636 hoc
816 1604 903 1643 est,
932 1595 1169 1637 christianis
1198 1597 1483 1653 temporibus,

122 1673 169 1704 ut
184 1664 359 1720 dignitas
373 1663 610 1705 christianis
626 1664 887 1705 senatoribus
902 1665 1142 1721 abLQthllss
1161 1680 1243 1721 quo
1256 1665 1483 1721 gentilibus

122 1734 303 1790 profanae
323 1733 534 1776 deseratur
557 1733 783 1775 voluntatis
801 1734 1007 1776 effectus?
1025 1736 1148 1776 Hunc
1174 1735 1365 1793 libellum
1409 1750 1485 1792 ego

122 1805 238 1845 fratri
262 1804 495 1845 clementiae
518 1812 663 1845 vestrae
678 1803 835 1866 direxi,
853 1804 1264 1863 undeconstititnon
1290 1813 1484 1847 senatum

124 1873 279 1930 aliquid
304 1874 354 1915 de
378 1873 684 1930 superstitionis
710 1864 907 1930 im‘pensis
928 1874 1147 1916 mandasse
1174 1874 1334 1930 legatis.

182 1943 257 1986 XI.
296 1943 380 1985 Sed
398 1944 568 1985 fortasse
590 1944 754 1984 dicatur
776 1959 784 1982 :
811 1943 897 1984 Cur
922 1944 1082 1984 dudum
1110 1958 1196 1985 non
1217 1943 1484 1987 interfuerint

124 2014 301 2061 senatui,
326 2029 422 2055 cum
443 2014 518 2055 ista
538 2021 782 2070 peterentur
797 2012 815 2054 P
833 2012 940 2054 Satis
961 2014 1193 2069 loquuntur
1217 2014 1318 2069 quid
1342 2015 1487 2064 velint,

123 2085 194 2141 qui
216 2099 300 2126 non
323 2084 606 2125 interfuerunt
629 2100 637 2125 :
663 2084 759 2125 satis
786 2083 916 2125 locuti
938 2093 1061 2131 sunt,
1087 2084 1156 2140 qui
1172 2085 1283 2140 apud
1304 2084 1487 2140 impera-

123 2163 258 2197 torem
277 2155 409 2197 locuti
429 2162 538 2196 sunt.
564 2154 616 2195 Et
635 2154 840 2195 miramur
859 2162 999 2195 tamen
1019 2154 1051 2195 si
1075 2153 1245 2210 privatis
1269 2153 1489 2196 resistendi

122 2224 263 2267 Romae
294 2225 480 2281 eripiunt
510 2224 777 2271 libertatem,
808 2224 879 2280 qui
913 2225 1063 2265 nolunt
1094 2238 1183 2265 esse
1199 2223 1383 2264 liberum
1413 2224 1489 2265 tibi

123 2309 208 2336 non
225 2294 372 2350 jubere
387 2327 398 2343 ,
425 2295 539 2351 quod
557 2309 641 2336 non
659 2295 842 2351 probas;
864 2310 1050 2342 servare,
1080 2295 1193 2351 quod
1216 2294 1358 2336 sentis.

182 2365 278 2408 XII.
314 2366 366 2407 Et
388 2366 483 2407 ideo
508 2380 670 2407 memor
688 2365 907 2422 legationis
927 2364 1116 2422 proxime
1134 2366 1341 2407 mandatae
1363 2365 1486 2415 mihi,

123 2434 328 2478 convenio
359 2435 514 2476 iterum
543 2434 672 2477 fidem
705 2444 844 2484 tuam,
881 2435 1086 2477 convenio
1118 2444 1304 2497 mentem
1336 2443 1452 2477 tuam
1479 2448 1490 2480 ς

126 2520 179 2548 ne
210 2507 275 2549 vel
312 2506 654 2564 respondendum
689 2506 924 2549 secundum
953 2504 1195 2562 hujusmodi
1229 2505 1477 2563 petitionem

245 2589 324 2618 LXI.
1297 2589 1347 2630 19
