1774 3158
294 246 348 295 42
358 259 378 285 2
850 260 887 290 s·
921 260 1114 289 AMBRosu

293 336 369 378 tibi
383 336 746 380 demonstraturin
759 338 867 381 libro
885 340 1149 398 Regnorum;
1168 340 1373 398 siquidem
1396 342 1528 386 David
1544 344 1646 386 duas

298 421 449 449 uxores
472 407 622 450 habuit
639 408 871 450 Achinaam
889 409 1183 451 Jezrahelitem
1199 444 1207 456 ‚
1222 420 1261 452 et
1274 411 1486 467 Abigaeam
1508 413 1648 469 acqui-

302 477 422 518 sitam
449 477 528 519 sibi
551 477 713 534 postea¹
743 493 753 520 t
774 479 884 521 illam
909 480 1149 537 rigidiorem
1165 513 1176 529 ,
1198 480 1317 522 istam
1351 482 1649 525 misericordiae

299 549 466 605 plenam
487 558 529 590 et
545 549 687 605 gratiae
707 583 718 598 ,
744 549 992 608 hospitalem
1021 566 1068 592 ac
1094 551 1310 593 liberalem
1335 553 1534 602 animam,
1558 569 1649 610 quae

296 619 477 660 revelata
500 618 606 660 sacie
628 619 794 662 Patrem
811 621 938 669 vidit,
966 621 1181 678 speculata
1212 621 1303 678 ejus
1333 623 1533 679 gloriam3
1559 639 1651 680 quae

294 689 480 746 suscepit
511 689 700 732 divinum
742 691 860 733 illum
899 701 1082 748 paternae
1107 693 1249 749 gratiae
1270 708 1412 735 rorem
1427 726 1435 740 ,
1456 702 1504 735 ut
1524 694 1653 736 habet

295 759 475 800 nominis
500 759 927 817 interpretatio.Quid
945 771 1086 804 autem
1105 778 1174 804 ros
1195 763 1345 812 Patris,
1363 764 1528 806 nisiDei
1544 763 1653 807 Ver·

298 830 421 878 bum,
446 831 560 887 quod
586 831 768 874 humore
790 832 888 875 fidei
904 842 1028 890 atque
1049 833 1218 890 justitiae
1245 834 1396 876 infudit
1414 836 1542 878 corda
1562 836 1654 877 uni-

297 915 511 942 versorum
533 900 550 942 Ρ

356 971 426 1014 VI.
463 971 645 1014 Pulchre
668 972 795 1029 igitur
817 972 918 1014 huic
938 974 1084 1015 animae
1104 990 1224 1017 verus
1243 976 1344 1018 dicit
1361 977 1495 1019 David
1512 1009 1522 1025 ,
1542 979 1657 1034 quod

300 1041 361 1083 illi
379 1041 560 1098 Abigaeae
576 1042 814 1084 dictumest
833 1059 842 1084 :
862 1061 876 1082 α
894 1044 1149 1087 Benedictus
1163 1046 1369 1088 Dominus
1382 1047 1494 1089 Deus
1511 1048 1656 1094 Israel,

301 1129 315 1148 u
331 1111 401 1166 qui
425 1111 537 1154 misit
560 1121 600 1154 te
623 1112 748 1155 hodie
765 1113 850 1155 huc
869 1115 1034 1156 obviam
1057 1115 1181 1164 mihi,
1221 1125 1262 1158 et
1283 1117 1497 1159 benedicti
1520 1133 1658 1160 mores

303 1181 435 1224 »tui².
453 1183 532 1224 »Et
555 1183 706 1225 iterum
743 1184 845 1226 dicit
880 1185 976 1226 ei:«
992 1185 1185 1227 Ascende
1215 1186 1256 1228 in
1279 1201 1382 1244 pace
1406 1187 1448 1228 in
1486 1188 1658 1229 domum

306 1270 321 1290 »
338 1261 464 1295 tuam.
492 1253 619 1313 Vide,
643 1254 726 1312 jam
751 1256 890 1298 audivi
914 1271 1060 1298 vocem
1094 1265 1297 1305 tuam,·et
1340 1258 1544 1300 reveritus
1567 1271 1660 1300 sum

308 1341 324 1361 »
338 1324 486 1366 faciem
506 1321 619 1367 tuam
632 1325 660 1369 ³.
679 1345 693 1365 n
708 1327 899 1383 Denique
919 1328 960 1369 in
974 1328 1157 1370 Canticis
1177 1329 1302 1371 etiam
1316 1329 1406 1372 haec
1420 1330 1547 1371 verba
1564 1337 1664 1370 sunt

308 1393 458 1451 Sponsi
478 1397 530 1437 ad
553 1395 759 1453 Sponsam
780 1412 822 1440 z«
837 1398 1024 1441 Ostende
1045 1398 1149 1441 mihi
1175 1399 1326 1442 faciem
1356 1409 1468 1442 tuam
1484 1433 1495 1449 ,
1518 1407 1559 1442 et
1596 1400 1662 1441 in-

309 1485 325 1503 »
341 1465 458 1507 sinua
482 1466 584 1508 mihi
601 1482 748 1510 vocem
766 1476 882 1510 tuam
896 1469 924 1510 ⁶.
947 1488 963 1508 »

371 1535 520 1578 VILEt
532 1545 632 1579 tunc
644 1539 813 1594 quidem
827 1539 993 1581 dimissa
1003 1540 1282 1596 est‚quoniam
1295 1542 1472 1583 alterum
1486 1541 1669 1584 habebat

314 1603 474 1654 virum,
511 1607 582 1663 qui
620 1608 840 1650 dicebatur
878 1609 1075 1651 hebraice
1100 1610 1254 1658 Nabal,
1278 1611 1407 1652 latine
1443 1610 1665 1667 insipiens,

318 1678 447 1738 durus
468 1711 479 1727 ,
529 1679 789 1737 inhospitalis
804 1712 816 1728 ,
865 1680 1120 1722 inhumanus
1136 1713 1146 1729 ,
1179 1681 1366 1738 ingratus
1409 1681 1482 1738 qui
1533 1681 1670 1723 officia

316 1749 498 1790 nesciret
539 1749 695 1791 referre
713 1751 812 1792 :sed
835 1759 1105 1808 posteaquam
1132 1751 1355 1794 defunctus
1388 1760 1451 1793 est
1474 1751 1535 1793 vir
1556 1751 1668 1807 ejus,

318 1820 497 1861 solutam
530 1821 660 1877 alege
688 1820 765 1862 viri
790 1821 952 1878 accepit
981 1837 1072 1863 eam
1097 1821 1174 1863 sibi
1205 1822 1246 1863 in
1271 1837 1445 1863 uxorem
1467 1821 1671 1879 propheta

317 1890 462 1932 David.
495 1891 574 1933 Per
592 1891 714 1947 cujus
737 1893 930 1950 copulam
952 1891 1152 1935 Ecclesiae
1170 1893 1392 1935 crediturae
1408 1907 1457 1934 ex
1479 1891 1673 1949 gentibus

319 1963 610 2020 significantur
632 1964 829 2020 mysteria
846 1996 856 2012 ‚
880 1978 972 2020 quae
1005 1964 1157 2005 amisso
1180 1964 1290 2013 viro,
1310 1965 1377 2005 cui
1411 1972 1507 2005 ante
1528 1963 1672 2019 juncta

316 2034 454 2076 suerat
467 2067 477 2082 ‚
505 2034 694 2076 transivit
711 2035 763 2075 ad
776 2033 991 2082 Christum
1009 2067 1019 2083 ,
1037 2049 1166 2076 censu
1182 2035 1250 2091 pio
1276 2033 1405 2083 dives,
1428 2032 1675 2076 humilitatis·

319 2116 360 2148 et
377 2105 497 2156 fidei,
524 2105 822 2148 misericordiae
850 2120 1017 2162 quoque
1042 2106 1183 2147 dotata
1206 2104 1471 2162 patrimonia

378 2176 490 2219 VIII.
528 2177 614 2218 Sed
642 2177 839 2219 hocloco
866 2191 951 2218 non
969 2175 1043 2217 ista
1064 2176 1334 2232 deploratur,
1362 2175 1433 2217 sed
1453 2176 1519 2217 illa
1553 2174 1677 2218 Achi-

320 2264 464 2298 naam‚
489 2263 581 2306 quae
604 2247 684 2290 fuit
706 2249 816 2290 male
837 2247 955 2289 sortis
978 2247 1018 2288 in
1042 2247 1241 2295 fratrem3
1266 2256 1308 2288 et
1340 2246 1435 2290 ideo
1462 2247 1520 2289 illi
1548 2246 1678 2289 frater

317 2320 451 2361 factus
473 2319 594 2360 estin
619 2318 967 2360 commotionem.
999 2318 1118 2359 Unde
1137 2332 1187 2359 ex
1208 2332 1389 2374 persona
1415 2331 1562 2359 eorum
1585 2316 1678 2359 dic-

319 2399 408 2432 tum
431 2397 491 2431 est
509 2405 518 2431 :
536 2407 551 2427 (ι
569 2389 747 2431 Posuisti
772 2403 847 2430 nos
870 2389 910 2430 in
925 2388 1167 2444 parabolam
1192 2388 1234 2429 in
1256 2388 1473 2445 gentibus,
1494 2402 1679 2429 commo-

308 2482 321 2499 „
340 2461 496 2503 tionem
519 2459 665 2518 capitis
705 2459 746 2501 in
779 2458 995 2517 populis⁵.
1018 2477 1033 2498 ι)
1050 2458 1189 2510 Quam
1217 2467 1439 2501 nutantem
1460 2458 1675 2501 inveniens

356 2571 364 2586 ¹
392 2576 402 2596 1
425 2565 500 2606 aeg.
521 2574 596 2599 xxv,
611 2564 663 2605 39.
683 2581 724 2588 —-
740 2571 750 2585 ¹
771 2562 855 2594 [bid.
873 2563 928 2601 52,
951 2567 984 2595 et
999 2573 1087 2606 seqq.
1101 2581 1142 2587 —
1163 2564 1176 2586 ³
1197 2561 1287 2595 [hid.
1303 2580 1343 2586 —
1361 2565 1374 2589 ⁴
1391 2561 1489 2594 Cant.
1511 2572 1547 2598 11,
1567 2560 1615 2598 14.
1634 2579 1675 2586 -—

316 2621 328 2641 ³
347 2619 429 2651 Psal.
451 2629 541 2657 xmu,
563 2619 611 2650 15.
