1774 3158
333 194 385 235 02
881 204 910 231 s.
953 203 1144 232 ammom

384 282 552 327 LXXV.
591 282 675 325 Sed
705 297 1006 339 persequamur
1034 294 1182 325 caetera
1207 316 1216 330 ,
1245 292 1289 325 ut
1315 283 1676 340 quemadmodum

323 354 471 411 spiritu
495 352 586 394 vitae
605 351 843 393 animentur
860 351 1066 400 defuncti,
1081 360 1251 408 surgant
1268 352 1473 409 jacentes,
1486 354 1678 411 sepulcra

330 431 570 465 reserentur
586 454 595 469 ,
623 421 825 478 possimus
855 423 1085 463 advertere.
1105 439 1120 459 «
1138 422 1189 463 Et
1210 423 1265 463 ait
1293 422 1343 462 ad
1365 437 1432 463 me
1457 438 1467 464 :
1490 423 1679 480 Prophe-

331 513 346 531 »
365 494 461 540 liza,
487 490 780 539 iili‘hominis,
807 500 848 532 et
876 490 941 531 dic
965 491 1128 547 spiritui
1153 507 1162 532 2
1185 492 1284 533 llaec
1319 492 1419 533 dicit
1448 493 1677 539 Dominus;

335 583 349 601 »
364 565 395 604 A
417 571 564 618 quator
588 561 718 603 ventis
736 561 829 602 coeli
849 561 962 608 veni,
987 560 1181 616 Spiritus,
1198 570 1237 602 et
1253 562 1469 603 insulllain
1493 570 1682 603 mortuos

335 635 486 680 nistos,
516 640 557 673 et
582 632 735 675 vivant.
767 631 819 671 Et
845 630 1092 687 prophetavi
1119 631 1227 673 sicut
1247 633 1460 674 mandavit
1491 633 1620 681 mihi,
1643 641 1685 673 et

336 704 531 746 »intravit
564 703 605 744 in
628 717 698 743 eos
720 701 888 757 spiritus
917 703 1034 749 vitae,
1059 709 1100 742 et
1129 701 1322 744 vixerunt
1345 711 1386 744 et
1410 710 1616 744 steterunt
1644 703 1684 743 in

335 795 350 815 n
366 776 542 833 pedibus
565 773 649 814 suis
671 773 941 829 congregatio
959 773 1082 814 nimis
1107 769 1250 814 multa.
1280 774 1330 814 Et
1346 775 1512 815 locutus
1530 782 1593 815 est
1609 775 1687 815 Do-

336 864 351 884 »
366 845 501 886 minus
524 843 576 884 ad
603 857 692 890 me,
710 843 851 884 dicens
879 857 887 883 :
913 843 991 885 Fili
1014 842 1217 891 hominis,
1235 858 1326 884 ossa
1348 843 1436 884 haec
1460 843 1594 884 omnis
1620 844 1691 883 do-

334 937 349 955 »
366 931 456 957 mus
474 913 611 956 lsrael.
633 913 713 970 Ipsi
731 913 844 954 enim
861 913 1008 954 dicunt
1025 928 1033 954 ε
1052 914 1178 955 Arida
1193 915 1302 955 facta
1317 924 1413 955 sunt
1427 928 1518 956 ossa
1531 903 1687 962 nostra,

339 984 490 1042 »periit
511 998 603 1040 spes
631 991 794 1036 nostra,
822 983 1104 1025 interibimus.
1135 983 1359 1040 Propterea
1381 984 1624 1041 prophetiza
1651 993 1693 1025 ct

341 1075 355 1095 n
371 1057 436 1097 dic
464 1072 472 1095 ε
498 1055 598 1097 Haec
617 1053 718 1095 dicit
738 1054 945 1095 Dominus
964 1069 975 1100 3
998 1053 1110 1095 Ecce
1127 1067 1203 1109 ego
1229 1054 1367 1110 aperio
1400 1055 1514 1095 vobis
1540 1069 1693 1095 monu-

338 1133 509 1167 nmenta
532 1133 691 1172 vestra,
716 1132 757 1164 et
784 1124 967 1164 educam
993 1138 1065 1164 vos
1094 1123 1144 1164 de
1165 1124 1449 1165 monumentis
1477 1124 1621 1165 vestris
1651 1124 1693 1165 in

340 1205 523 1238 »terram
544 1194 672 1236 lsrae‘l
694 1225 705 1242 ,
734 1201 776 1235 et
800 1193 939 1235 scietis
965 1194 1082 1250 quod
1110 1208 1187 1251 ego
1218 1209 1311 1235 sum
1334 1194 1538 1236 Dominus
1560 1227 1571 1244 ,
1597 1210 1694 1237 cum

336 1288 351 1306 n
368 1267 549 1324 aperiam
573 1266 763 1322 sepulcra
795 1273 931 1306 vestra
948 1297 958 1312 ,
991 1273 1034 1306 et
1055 1266 1233 1307 educam
1255 1266 1306 1306 de
1334 1266 1536 1323 sepulcris
1557 1281 1694 1323 popu-

338 1357 353 1378 »
368 1340 454 1379 lum
471 1350 612 1378 meum
627 1368 637 1383 ,
658 1343 699 1376 et
717 1335 825 1376 dabo
848 1334 1050 1391 Spiritum
1068 1351 1209 1377 meum
1229 1336 1270 1377 in
1294 1337 1432 1385 vobis,
1455 1345 1497 1378 et
1520 1337 1662 1378 vivetis
1676 1369 1687 1385 ,

339 1417 409 1451 »et
427 1422 582 1466 ponam
603 1421 674 1448 vos
696 1422 823 1463 super
851 1415 1007 1448 terram
1030 1416 1234 1456 vestram,
1267 1415 1309 1448 et
1333 1407 1469 1449 scietis
1496 1398 1592 1464 quia
1615 1422 1691 1464 ego

341 1500 356 1521 »
370 1496 461 1522 sum
479 1479 683 1521 Dominus
703 1494 711 1519 :
728 1479 896 1519 locutus
915 1493 1024 1526 sum,
1039 1478 1261 1526 etfaciam,
1285 1477 1387 1520 dicit
1404 1479 1649 1520 Dominus².
1666 1496 1680 1517 n

397 1548 589 1591 LXXVI.
641 1548 908 1590 Advertimus
947 1550 1302 1604 quemadmodum
1347 1549 1480 1590 vitalis
1525 1548 1692 1605 spiritus

342 1620 598 1663 commercia
620 1627 889 1660 resumantur
908 1652 917 1667 ,
945 1618 1216 1676 eognovimus
1238 1619 1595 1674 quemadmodum
1617 1619 1696 1660 de-

341 1691 600 1734 hiscentibus
631 1690 825 1737 tumulis,
851 1693 1007 1732 mortui
1030 1691 1297 1732 suscitentur.
1324 1691 1391 1733 An
1415 1704 1515 1731 vero
1539 1690 1696 1731 miran-

344 1763 444 1803 dum
469 1769 531 1802 est
546 1760 662 1817 jussu
684 1761 853 1802 Domini
875 1771 1138 1803 mortuorum
1156 1763 1347 1818 sepulcra
1370 1761 1571 1810 reserari,
1596 1775 1695 1803 cum

342 1842 427 1875 tota
446 1833 529 1874 suis
548 1832 734 1873 terminis
762 1846 846 1873 uno
870 1833 1053 1874 tonitruo
1078 1841 1185 1873 terra
1209 1832 1443 1889 quatiatur,
1464 1847 1582 1875 mare
1609 1834 1694 1874 suis

344 1906 528 1946 exundet
554 1902 708 1944 finibus
726 1936 735 1952 ,
761 1903 956 1960 idemque
980 1919 1149 1946 suarum
1173 1918 1318 1945 cursus
1342 1904 1526 1946 refrenet
1557 1904 1696 1946 unda-

344 1990 437 2017 rum
458 1975 475 2016 Ξ)
498 1975 687 2031 Denique
710 1975 778 2017 ille
796 1976 865 2032 qui
892 1976 1070 2019 credidit
1093 1977 1189 2034 quia
1211 1976 1252 2018 in
1272 1985 1508 2026 momento,
1536 1977 1577 2018 in
1605 1976 1694 2018 ictu

347 2046 481 2094 oculi,
502 2047 543 2087 in
563 2046 785 2087 novissima
804 2047 904 2088 tuba
925 2050 1076 2103 (canet
1096 2049 1208 2090 enim
1228 2049 1349 2104 tuba)
1375 2048 1532 2091 mortui
1554 2063 1696 2089 resur-

345 2127 464 2175 gent3
494 2132 591 2160 cum
612 2117 755 2174 primis
779 2119 965 2174 rapietur
990 2120 1031 2161 in
1055 2121 1239 2161 nubibus
1263 2120 1430 2161 obviam
1458 2119 1626 2161 Christo
1651 2120 1693 2163 in

343 2189 460 2232 a'e‘ra²
485 2204 493 2230 ε
515 2189 585 2245 qui
612 2204 695 2230 non
716 2190 894 2231 credidit
910 2223 919 2238 ,
943 2192 1220 2248 relinquetur,
1240 2200 1280 2232 et
1306 2191 1484 2248 perfidia
1505 2207 1578 2234 sua
1596 2193 1694 2234 sub-

346 2263 416 2303 det
433 2276 476 2302 se
499 2261 584 2319 ipse
609 2260 836 2303 sententiae.

404 2331 613 2374 LXXVII.
650 2332 846 2375 Ostendit
863 2334 938 2376 tibi
953 2335 1158 2378 Dominus
1175 2336 1300 2378 etiam
1318 2338 1359 2379 in
1377 2339 1600 2396 Evangelio
1615 2371 1626 2386 ,
1648 2345 1693 2380 ut

342 2404 428 2462 jam
457 2405 508 2446 ad
531 2406 719 2462 exempla
737 2406 967 2455 veniamus,
992 2409 1349 2463 quemadmodum
1369 2425 1570 2468 resurgas.
1599 2409 1691 2453 Non

345 2476 456 2519 enim
477 2493 610 2520 unum
627 2479 854 2528 Lazarum,
874 2480 946 2521 sed
965 2477 1093 2521 fidem
1113 2479 1302 2522 omnium
1319 2482 1534 2526 suscitavit
1554 2482 1693 2539 :quod

392 2568 402 2585 ¹
419 2559 536 2592 Ezech.
554 2570 679 2599 xxxvii,
696 2571 729 2603 9,
746 2566 778 2593 rt
792 2570 880 2604 seqq.
901 2579 940 2586 —
960 2571 971 2584 ²
996 2572 1007 2593 1
1036 2560 1113 2593 Cor.
1132 2571 1184 2593 xv.
1201 2562 1251 2598 52,
1269 2567 1301 2595 et
1318 2573 1328 2592 ι
1350 2563 1463 2597 Thess.
1482 2575 1526 2607 iv,
1549 2565 1595 2599 16.
