1774 3158
505 287 787 315 EPlS'l'OLARUM
820 286 976 314 CLAss'1s
1011 288 1036 314 1.
1372 289 1449 316 201

110 364 286 407 crimine
306 363 588 405 confitebitur.
618 363 670 403 Et
692 361 852 404 facilius
869 371 931 404 est
950 371 993 403 ut
1011 364 1185 413 refutet,
1207 367 1320 421 quod
1343 381 1450 407 nun·

108 448 234 489 quam
256 433 415 483 fecerit,
434 448 556 489 quam
571 434 681 489 quod
697 432 1149 475 fecerit.Variabuntur
1173 435 1295 491 igitur
1317 436 1453 478 obste-

110 505 250 552 trices,
265 518 317 545 ne
328 511 528 560 suspectae
542 503 672 558 aliqua
691 509 903 558 repetatur
921 503 1171 558 gratiaeAErit
1187 504 1325 560 itaque
1345 505 1450 546 inter

109 575 249 629 plures
264 605 274 620 ‚
293 587 531 628 quanquam
554 586 783 628 paucarum
805 571 930 612 etiam
953 572 992 612 in
1010 572 1170 629 maguis
1191 574 1366 614 urbibus
1379 574 1448 615 hic

109 658 207 685 usus
221 643 417 684 medendi
435 642 508 683 sit:
524 642 619 692 erit,
637 642 824 697 inquam,
838 642 904 682 vel
921 643 1140 687 malevola,
1155 643 1220 683 vel
1237 643 1424 698 imperita
1439 675 1449 690 ,

108 727 235 768 quam
259 712 429 768 pudoris
452 713 629 753 claustra
666 718 936 766 praetereant,
958 719 999 752 et
1021 725 1095 767 per
1124 711 1373 767 imperitiam
1393 712 1454 753 iu-

111 790 225 837 tegro
244 789 384 822 notam
409 779 546 834 affigat
567 779 730 835 pudori.
756 778 880 821 Vides
915 779 956 820 in
994 782 1104 835 quod
1131 779 1366 836 periculum
1388 780 1453 820 in·

111 852 240 892 ducas
266 849 501 906 virginalem
539 849 860 905 professionem,
887 850 987 891 dum
1028 850 1298 891 obstetricem
1332 849 1452 890 adhi-

84 964 87 965 ⁷
110 920 290 961 bendani
314 928 448 975 putas3
465 926 509 960 ut
530 918 613 973 jam
640 933 722 959 non
746 920 880 960 solum
905 919 1166 960 verecundiae
1185 933 1267 960 suae
1280 919 1449 975 dispen—

110 989 202 1034 ‹lio;
222 990 293 1029 sed
308 988 435 1030 etiam
454 988 693 1030 obstetricis
718 988 878 1030 incerto
896 988 1166 1044 periclitetur.

166 1059 222 1100 X.
257 1060 379 1100 Nunc
416 1059 731 1099 consideremus
767 1059 881 1114 quod
909 1058 1147 1099 obstetricis
1175 1057 1360 1099 officium
1383 1058 1447 1099 sit.

108 1126 302 1183 Legimus
327 1128 453 1168 etiam
473 1129 514 1168 in
539 1127 679 1168 Veteri
697 1128 965 1168 Testamento
985 1127 1230 1168 obstetrices
1247 1159 1257 1175 ,
1277 1128 1351 1167 sed
1371 1141 1456 1168 non

109 1198 402 1254 inspectrices:
419 1198 598 1254 denique
622 1199 672 1239 ad
693 1198 973 1252 parturientes
993 1197 1356 1254 ingrediebantur,
1371 1212 1455 1238 non

111 1268 162 1309 ad
181 1267 383 1323 virgines:
414 1274 458 1307 nt
481 1275 623 1323 partus
646 1267 930 1322 susciperent,
959 1281 1041 1315 non
1066 1274 1111 1306 ut
1132 1266 1337 1322 pudorem
1358 1279 1456 1307 exa-

109 1335 329 1378 minarent.
361 1337 481 1377 Unde
504 1345 545 1377 et
572 1335 821 1377 obstetrices
845 1336 967 1377 dictae
988 1367 998 1382 ‚
1037 1349 1086 1377 eo
1109 1336 1223 1391 quod
1251 1335 1456 1376 obsistant

111 1406 244 1448 dolori
275 1421 284 1447 :
316 1407 379 1448 vel
413 1414 526 1447 certe
560 1405 749 1462 pignori,
791 1420 845 1446 ne
884 1405 1029 1446 laxatis
1069 1405 1175 1447 uteri
1207 1405 1457 1461 genitalibus

110 1476 325 1524 claustris,
361 1476 401 1516 in
430 1484 584 1516 terram
609 1475 779 1518 defluat.
807 1475 1004 1516 Secundo
1046 1483 1087 1516 et
1121 1474 1242 1516 tertio
1280 1477 1374 1516 loco
1414 1474 1457 1515 in

110 1544 338 1601 Scripturis
379 1544 617 1585 invenimus
660 1544 907 1585 obstetrices
943 1543 1149 1586 adhibitas
1174 1560 1183 1585 :
1208 1546 1280 1586 sed
1303 1545 1459 1600 ubique

110 1614 270 1671 partui,
292 1629 496 1669 nusquam
520 1614 783 1670 inspectioni.
812 1614 952 1656 Primo
971 1615 1042 1655 ubi
1064 1613 1221 1657 Rachel
1242 1613 1455 1670 parturit¹‚

113 1683 264 1725 deinde
277 1682 706 1739 ubiThamarparit²‚
730 1683 854 1725 tertio
878 1683 950 1724 ubi
969 1684 1181 1725 necandos
1198 1698 1333 1724 mares
1347 1682 1458 1724 Pha-

112 1768 184 1795 rao
207 1754 379 1795 mandat
400 1753 674 1811 Hebraeorum
701 1753 1044 1801 obstetricibus³;
1081 1754 1247 1809 quando
1282 1767 1457 1809 respon-

113 1824 266 1865 derunt
288 1823 366 1865 illae
386 1854 396 1870 ‚
429 1838 513 1864 non
537 1838 586 1864 eo
601 1838 718 1864 more
740 1824 936 1865 Hebraeas
958 1823 1150 1865 foeminas
1171 1837 1318 1879 parere
1335 1854 1344 1870 ,
1374 1837 1456 1878 quo

112 1892 280 1949 pariunt
303 1892 508 1949 AEgyptiae
535 1907 544 1932 :
573 1893 645 1934 sed
666 1893 862 1934 Hebraeas
884 1892 1000 1949 prius
1029 1907 1176 1949 parere
1193 1923 1203 1938 ‚
1236 1905 1361 1947 quam
1392 1891 1458 1931 in-

114 1971 280 2004 troeant
301 1962 548 2003 obstetrices
575 1963 623 2002 ad
646 1977 726 2003 eas.
765 1962 848 2013 Qui
880 1964 998 2003 locus
1026 1971 1071 2003 ut
1101 1960 1307 2017 superiori
1348 1960 1460 2002 utilis

111 2032 164 2073 ad
184 2031 458 2073 Hebraeorum
477 2032 652 2072 salutem
670 2047 681 2078 ;
702 2030 755 2072 ita
774 2031 936 2088 reliquo
958 2031 1228 2087 confragosus
1255 2031 1307 2072 ad.
1323 2030 1459 2072 obste-

112 2100 264 2142 tricum
289 2099 416 2141 fidem
431 2131 441 2147 ‚
460 2115 553 2156 quae
579 2100 821 2142 didicerunt
841 2100 1010 2142 mentiri
1031 2114 1108 2157 pro
1129 2100 1285 2146 salute,
1314 2107 1356 2141 et
1386 2098 1456 2140 fal-

110 2171 196 2212 lere
221 2184 296 2227 pro
318 2169 603 2211 excusatione.

167 2239 242 2281 XI.
281 2239 396 2290 Quid
412 2239 539 2296 igitur
556 2247 749 2295 suspecta
775 2247 816 2281 et
837 2239 965 2281 dubia
982 2246 1227 2296 captamus3
1251 2252 1349 2279 cum
1370 2252 1460 2280 ma-

109 2307 200 2364 jora
221 2308 305 2350 siut
327 2308 404 2350 alia
428 2309 715 2350 examinandae
736 2308 919 2350 veritatis
943 2309 1196 2350 documenta
1219 2315 1260 2349 et
1278 2307 1460 2349 testimo—

110 2379 202 2430 nia,
234 2379 275 2420 in
308 2379 460 2435 quibus
494 2379 757 2437 expressiora
788 2378 963 2436 insignia
991 2379 1058 2420 vel
1078 2378 1268 2420 temerati
1289 2376 1461 2433 pudoris

111 2448 229 2490 sint?
252 2448 365 2499 Quid
388 2448 587 2491 enimrest
614 2449 726 2505 quod
749 2448 879 2504 magis
902 2447 1119 2504 publicum
1143 2447 1216 2495 sit,
1250 2461 1375 2502 quam
1404 2445 1461 2486 of-

110 2517 222 2559 fensa
236 2506 427 2575 pudoriS,
440 2527 482 2561 et
499 2518 716 2561 defloratio
729 2517 976 2576 virginitatis
988 2517 1005 2559 Ρ
1016 2517 1126 2560 Nihil
1141 2516 1329 2573 profecto
1347 2515 1461 2572 quod

155 2617 164 2633 ¹
184 2610 271 2644 Gen.
287 2620 381 2647 xxxv,
402 2620 452 2653 ¹7·
466 2627 506 2637 —
521 2619 534 2635 ¹
554 2609 605 2644 Η.
625 2619 759 2650 xxxviii,
778 2620 828 2653 ²7.
847 2626 886 2648 -.-.
903 2611 917 2635 ³
933 2609 1039 2643 Exod.
1057 2621 1082 2648 ι,
1104 2610 1153 2646 ι5,
1171 2612 1204 2642 et
1217 2617 1304 2650 seqq.
