1774 3158
527 228 811 260 ammonium
842 229 999 267 cmissm
1032 229 1060 259 1.
1389 216 1476 278 ,447

129 394 248 407 mm
255 394 370 407 mm
377 389 1164 404 nxwmmmwummmfflmmw
1171 389 1413 402 mmm-”W
1423 391 1479 402 m

522 519 784 564 EPISTOLA
811 518 1019 563 XXXVII
1041 519 1053 541 ¹
1064 550 1075 562 .

134 678 249 721 Cum
269 674 589 731 Simplicianus
610 672 848 715 Ambrosio
876 681 1053 714 testatus
1074 682 1176 714 esset
1197 688 1296 715 eum
1318 674 1484 717 utiliter

189 750 428 805 facturam,
455 746 492 786 si
518 745 627 800 quid
650 759 706 785 ex
733 743 938 800 Apostolo
967 743 1192 784 dissereret
1214 745 1333 799 apud
1352 761 1484 802 popu-

192 819 299 866 lum,
323 817 461 874 ipsius
481 815 705 857 voluntati
721 828 763 855 se
780 813 857 854 hoc
879 813 1091 855 daturum
1111 815 1290 870 spondet
1308 827 1484 857 sanctus

187 887 280 935 vir,
297 885 496 927 maxime
513 890 614 926 'cum
631 885 827 925 amicum
846 884 895 923 in
911 884 1168 939 eojudicem
1182 884 1268 925 sibi
1283 887 1485 942 faturum

190 967 354 998 noscat.
390 954 547 1011 Itaque
575 954 715 995 mittit
742 954 802 995 ad
834 968 950 1002 eum,
985 954 1100 1008 quod
1130 955 1279 996 eodem
1311 955 1485 997 absente

192 1028 513 1085 disputaverat,
532 1026 697 1067 scilieet
722 1024 967 1066 libertatem
983 1034 1180 1066 nostram
1199 1026 1249 1066 in
1266 1027 1487 1082 sapientia

191 1099 385 1154 positam
397 1111 508 1138 esse:
525 1111 658 1152 quam
675 1095 940 1137 sententiam
950 1110 978 1135 a
984 1094 1249 1152 philosophis
1260 1097 1487 1138 ambitiose

180 1169 407 1222 jactatam
425 1166 548 1208 dicit.
569 1165 704 1207 Hane
720 1176 867 1207 tamen
880 1180 907 1206 a
919 1165 1127 1207 Patribus
1141 1166 1367 1221 proditam
1383 1182 1485 1208 eum

191 1253 245 1279 eae
262 1238 498 1279 Salomone
512 1238 689 1286 astruit,
712 1246 805 1277 tum
823 1237 1033 1293 eoeemplis
1048 1236 1208 1278 Jacobi
1221 1253 1272 1278 ac
1287 1238 1479 1295 Joseplzi.

193 1308 267 1349 Ex
289 1308 357 1349 his
382 1308 570 1349 ostendit
593 1323 684 1348 non
704 1307 953 1349 venditione
974 1322 1171 1359 servum,
1199 1319 1245 1349 at
1266 1310 1485 1365 sapientia

193 1378 380 1420 liberum
404 1393 613 1433 quemque
638 1376 753 1434 sieri.
782 1377 905 1420 Hine
931 1377 1223 1420 demonstrato
1246 1381 1346 1434 quis
1363 1380 1484 1429 iiber,

193 1464 253 1489 an
280 1464 415 1496 secus,
448 1463 549 1489 eum
577 1448 718 1489 solum
747 1447 907 1502 desinit
927 1447 1142 1502 suijuris
1168 1463 1266 1496 esse,
1291 1450 1368 1503 qui
1395 1465 1485 1491 non

193 1520 382 1577 cogitur,
407 1520 524 1560 unde
540 1518 708 1574 colligit
730 1518 897 1559 servire
919 1532 1019 1558 eum
1042 1518 1240 1560 libertate
1261 1520 1485 1562 interdum

183 1589 336 1645 jungi.
373 1588 468 1630 Sub
501 1588 589 1630 hoec
617 1597 864 1642 sequuntur
892 1601 994 1628 vere
1017 1586 1255 1629 liberorum
1284 1589 1488 1643 quaedam

181 1658 393 1714 ,exe-mpla
420 1668 458 1698 et
487 1658 822 1714 descriptiones,
859 1656 1018 1711 quibus
1048 1657 1255 1699 subditur
1288 1659 1487 1700 libertate

194 1728 311 1769 huno
338 1729 515 1769 demum
536 1729 642 1784 frui,
663 1729 741 1783 qui
765 1729 888 1769 vivat
911 1743 964 1769 ea:
989 1727 1166 1785 legibus.
1190 1730 1359 1771 Deinde
1375 1746 1487 1772 non-

194 1799 329 1841 nullis
357 1808 511 1840 contra
537 1797 813 1856 philosophos
835 1798 1069 1855 disputatis
1087 1831 1096 1847 ‚
1119 1813 1270 1840 eorum
1293 1801 1491 1843 heroibus

199 1869 474 1911 Christianos
489 1870 682 1926 opponit.
708 1870 775 1910 Ac
796 1870 978 1911 tandem
995 1870 1071 1911 ubi
1094 1870 1380 1927 confirmavit
1399 1887 1483 1920 eos,

197 1941 273 1995 qui
289 1941 444 1995 pravis
465 1937 699 1997 affectibus
720 1940 920 1981 serviunt
935 1971 946 1989 ,
973 1940 1124 1982 liberos
1144 1956 1233 1982 non
1255 1957 1364 1992 esse;
1389 1957 1488 1997 quo·

195 2011 324 2052 modo
340 2010 540 2053 membra
555 2020 706 2052 nostra
715 2011 911 2067 justitiae
926 2025 1020 2052 serv
1030 2011 1144 2061 iant,
1161 2011 1294 2055 docet.

428 2170 676 2214 Ambrosius
701 2171 972 2230 Simpliciano
1000 2173 1191 2216 salutem.

203 2317 235 2357 1.
269 2316 454 2358 Pnoxnm
478 2331 575 2358 cum
598 2317 750 2359 veteris
778 2317 930 2361 amoris
952 2333 1030 2359 usu
1051 2318 1266 2361 familiaris
1289 2319 1398 2363 inter
1418 2336 1492 2364 nos

143 2396 280 2426 sermo
310 2384 589 2434 caederetur2,
620 2387 821 2429 delectari
843 2396 884 2430 te
906 2387 1124 2431 insinuasti
1151 2389 1278 2438 mihi,
1304 2405 1402 2432 eum
1425 2392 1494 2433 ali-

144 2455 246 2512 quid
268 2456 319 2498 de
338 2455 458 2499 Pauli
483 2456 658 2513 apostoli
680 2457 846 2516 scriptis
871 2472 1013 2501 coram
1031 2460 1188 2517 populo
1212 2461 1263 2502 ad
1285 2459 1496 2518 disputan-

192 2568 199 2581 ¹
219 2558 344 2602 Scripta
360 2559 443 2592 circa
459 2569 536 2592 ann.
551 2559 627 2602 587.
644 2577 685 2584 -
699 2568 713 2585 ⁸
734 2560 815 2594 Vide
826 2561 870 2594 D.
888 2560 1031 2600 Guillon‚
1050 2567 1129 2594 tom.
1147 2573 1191 2597 ux.
1207 2572 1241 2605 p.
1261 2561 1332 2594 585.
