1774 3158
498 237 782 268 nmsromnuu
815 238 972 268 cussis
1007 240 1034 268 1.
1367 234 1416 283 [μ
1432 249 1453 289 7

108 333 124 354 »
139 315 279 358 dotem
297 315 519 373 magnum’
539 332 549 363 ;
567 319 640 356 »ut
658 314 886 356 incitentur
904 315 954 356 ad
967 315 1286 362 aedificationem
1307 321 1454 365 divinae

108 385 270 427 domus.
291 404 306 423 «
325 385 409 427 Nisi
436 384 547 426 enim
568 384 774 426 Dominus
793 383 1061 428 aedificaverit
1088 389 1164 429 sihi
1187 390 1358 433 domum
1376 426 1386 441 ‚
1413 394 1454 435 in

107 470 288 497 »vanum
326 455 649 503 laboraverunt,
685 454 755 510 qui
796 454 1008 498 aedifieant
1052 458 1181 501 eam².
1220 479 1234 498 n
1268 462 1359 518 Ipse
1391 473 1455 505 est

106 525 343 568 Zorobabel
372 524 479 581 jugis
504 524 808 573 redundantia,
847 533 993 582 utpote
1028 527 1119 570 sous
1148 530 1265 579 vitae,
1297 541 1338 573 et
1359 533 1454 575 Ver-

106 594 208 636 bum
235 595 333 644 Dei,
350 611 365 633 α
382 597 461 637 Per
485 595 599 651 quod
621 594 759 636 omnia
775 627 786 643 ,
816 603 857 636 et
876 610 926 636 ex
951 611 1033 652 quo
1062 600 1200 640 omnia
1216 632 1227 648 ‚
1254 611 1294 643 et
1317 605 1454 645 omnia

105 686 119 704 n
136 666 176 707 in
201 665 329 723 ipso³.
353 667 482 708 »Haec
505 666 606 708 dicit
639 665 917 708 redundantia
945 682 987 706 :a
1006 667 1048 709 Si
1072 669 1163 724 quis
1185 672 1291 721 sitit,
1317 676 1456 717 veniat

106 755 122 776 n
137 739 188 779 ad
209 751 292 783 me,
309 744 350 777 et
367 736 527 784 bibat⁶,
544 755 558 774 n
574 736 655 777 hoc
673 744 751 783 est,
767 734 1020 792 profluvium
1043 737 1322 783 indeficientis
1345 757 1454 785 mea-

107 816 185 850 tus.
232 807 488 849 Prossuvium
526 821 694 863 quoque
728 815 985 849 nocturnum
1022 809 1198 866 legimus
1239 812 1427 855 Zabulon
1443 848 1452 862 ‚

105 877 219 932 quod
251 883 312 918 est
342 876 640 934 propheticum
666 891 675 918 τ
705 878 776 918 sed
798 877 882 933 jam
920 886 961 919 et
993 878 1129 935 ipsum
1157 880 1285 938 hujus
1308 882 1455 927 ssuenti

105 946 312 988 infusione
339 947 622 1004 resplenduit,
647 962 723 1004 per
742 948 855 1003 quod
879 948 1048 990 evanuit
1074 949 1178 992 illud
1200 952 1456 1008 profluvium

106 1016 296 1058 vanitatis
329 1017 370 1058 in
403 1016 599 1065 Jezabel,
628 1032 719 1073 quae
744 1016 912 1059 inimica
939 1018 1126 1067 veritati,
1153 1029 1194 1061 et
1224 1022 1457 1065 adversaria

102 1087 407 1144 Prophetarum
419 1087 613 1145 eloquiis,
631 1088 684 1130 ita
706 1088 932 1130 dilacerata
954 1097 1016 1131 est
1033 1105 1186 1133 canum
1199 1093 1455 1142 morsibus⁵;

103 1166 150 1199 ut
182 1158 345 1200 nullum
382 1157 473 1213 ejus
506 1166 741 1215 superesset
780 1158 1023 1215 vestigium,
1061 1161 1133 1202 sed
1162 1170 1248 1204 toto
1280 1177 1457 1220 corpore

103 1242 180 1269 suo
205 1242 302 1269 cum
326 1228 522 1268 omnibus
556 1228 810 1284 posteritatis
839 1244 921 1269 suae
946 1229 1176 1286 insignibus
1199 1233 1459 1290 extinguere-

104 1306 184 1340 tur.
210 1298 302 1354 Ipse
325 1297 698 1354 igiturZorobabel
717 1314 765 1339 ex
784 1298 1030 1348 tribuJuda,
1045 1300 1131 1357 ipse
1142 1301 1264 1344 Jesus
1283 1319 1457 1361 magnus

102 1367 318 1417 sacerdos,
344 1376 385 1409 et
415 1368 527 1410 trihu
551 1369 789 1425 designatus
817 1377 858 1410 et
882 1370 1052 1412 nomine
1084 1386 1092 1412 :
1122 1373 1205 1412 duo
1229 1373 1455 1429 significari

102 1439 297 1481 videntur
312 1472 322 1488 ,
341 1448 382 1481 et
399 1454 506 1480 unus
529 1439 801 1496 exprimitur;
830 1439 924 1495 quia
948 1440 1059 1482 idem
1079 1443 1195 1497 quasi
1219 1453 1366 1499 potens
1385 1461 1454 1487 na—

102 1518 167 1551 tus
189 1524 239 1551 ex
256 1518 447 1567 potente,
461 1509 576 1566 quasi
598 1510 842 1566 redemptor
861 1517 976 1550 ortus
991 1525 1042 1551 ex
1056 1511 1214 1568 virgine
1228 1545 1236 1559 ‚
1252 1514 1292 1554 in
1307 1516 1458 1557 utrius-

102 1595 183 1636 que
210 1581 320 1623 idem
348 1589 507 1622 naturae
530 1580 770 1622 diversitate
802 1580 981 1622 dividuoe
997 1614 1008 1630 ‚
1035 1582 1157 1624 unius
1178 1583 1272 1625 Filii
1293 1584 1370 1627 Dei
1391 1601 1456 1627 ve-

101 1650 268 1693 ritatem
290 1651 401 1708 gigas
423 1651 612 1693 salutaris
631 1651 834 1708 implevit.

159 1723 235 1766 XI.
273 1722 540 1764 Excitaturus
561 1721 700 1778 itaque
723 1737 742 1764 a
767 1722 943 1764 mortuis
965 1722 1204 1766 Zorobabel
1233 1736 1426 1771 sanctum
1441 1763 1450 1777 ‚

102 1793 190 1836 ait:
218 1811 233 1830 α
253 1791 405 1836 Adhuc
439 1793 569 1835 semel
604 1806 680 1849 ego
710 1792 887 1834 movebo
921 1794 1098 1841 coelum,
1126 1803 1168 1837 et
1199 1804 1376 1848 terram,
1414 1809 1455 1842 et

102 1885 118 1905 »
132 1864 262 1907 maria
275 1897 284 1913 ‚
298 1872 339 1905 et
353 1861 604 1905 desertum⁶.
622 1882 637 1901 ιι
651 1863 836 1905 Moverat
855 1871 951 1904 ante
969 1864 1075 1911 haec,
1093 1879 1188 1906 cum
1210 1867 1260 1908 de
1274 1868 1455 1926 [Egypto

100 1936 298 1978 liberaret
330 1934 532 1991 populum
560 1948 708 1982 suum,
739 1934 906 1990 quando
930 1933 970 1974 in
1003 1934 1109 1975 coelo
1137 1937 1331 1979 columna
1364 1949 1453 1982 erat

100 2011 246 2070 ignis⁷,
277 2018 388 2051 terra
420 2007 529 2049 inter
554 2006 734 2052 fluctus,
764 2019 910 2046 murus
932 2003 973 2045 in
1000 2004 1125 2051 mari,
1151 2005 1215 2046 via
1242 2007 1281 2048 in
1314 2023 1446 2065 aqua,

100 2084 142 2125 in
163 2084 327 2125 deserto
355 2078 501 2121 messis
529 2076 768 2133 quotidiana
792 2074 960 2130 frugum
988 2075 1222 2117 coelestium
1250 2080 1453 2137 multipli-

100 2154 298 2201 cabatur,
322 2158 441 2209 petra
469 2146 764 2190 solvebaturin
790 2145 927 2186 fontes
948 2145 1176 2200 aquarum⁵
1197 2161 1206 2185 :
1232 2148 1305 2189 sed
1321 2151 1450 2192 movit

99 2233 142 2266 et
157 2231 301 2282 postea
319 2221 360 2263 in
381 2219 572 2277 passione
583 2216 752 2259 Domini
770 2216 865 2257 Jesu
882 2246 892 2262 ‚
909 2216 1079 2271 quando
1095 2216 1248 2258 coelum
1267 2220 1452 2262 tenebris

100 2293 350 2339 obductum,
374 2291 437 2333 sol
454 2287 619 2345 refugit,
641 2294 770 2344 petrae
788 2285 940 2332 scissae,
964 2284 1114 2326 tumuli
1134 2286 1450 2342 aperti‚mortui

99 2359 377 2409 resuscitati⁹‚
404 2361 530 2402 draco
552 2357 687 2399 victus
706 2357 748 2398 in
765 2354 966 2397 fluctibus
989 2354 1072 2396 suis
1093 2354 1195 2397 vidit
1221 2357 1451 2414 piscatores

145 2487 153 2502 ¹
179 2478 257 2519 Agg.
276 2487 300 2515 ι,
319 2475 372 2513 24.
393 2493 433 2501 —
450 2484 462 2498 ²
491 2473 573 2505 Psal.
599 2483 705 2506 cxxvi.
737 2481 762 2502 ι.
776 2489 816 2494 -
835 2472 848 2494 ³
864 2469 992 2502 Coloss.
1012 2480 1034 2505 ι,
1056 2469 1105 2505 ι6,
1123 2480 1171 2510 ¹7·
1189 2488 1230 2493 —
1246 2472 1259 2497 ό
1277 2471 1371 2504 Joan,
1391 2483 1451 2511 vn,

99 2533 152 2574 37.
172 2549 213 2556 —
231 2534 244 2554 ⁵
260 2530 281 2568 4
299 2530 380 2572 Reg.
398 2539 444 2568 lx,
459 2527 513 2567 53,
530 2532 562 2560 et
579 2537 667 2569 seqq.
683 2543 724 2549 —
741 2526 756 2548 ⁶
781 2525 862 2566 Agg.
881 2536 904 2554 ιι
919 2546 928 2562 ,
951 2534 1004 2557 22.
1022 2540 1062 2548 —
1087 2530 1099 2553 ⁷
1126 2522 1229 2556 Exod.
1246 2535 1312 2565 xlv,
1343 2536 1394 2565 22,
1421 2533 1454 2559 et

99 2597 188 2631 seqq.
211 2603 250 2611 -
267 2587 279 2607 ⁸
294 2583 398 2618 Exod.
413 2594 487 2621 xiii,
505 2593 554 2615 αι.
575 2588 649 2626 -J
672 2581 753 2615 Luc.
768 2578 930 2617 xxnmst.

250 2658 329 2687 Lx1.
1286 2651 1338 2693 27
