1774 3158
314 233 396 284 452
869 244 900 271 s.
940 243 1132 272 Aunnosn

315 325 480 366 dicatur
501 330 626 379 atque
644 320 866 363 addicitur.
887 320 1139 364 Contractus
1161 335 1243 363 non
1261 328 1396 363 mutat
1412 335 1566 378 genus,
1586 334 1663 363 nec

317 393 529 452 sapientiae
575 393 811 435 libertatem
860 392 1018 434 adimit.
1064 391 1254 449 Denique
1297 392 1453 434 famulo
1491 391 1664 448 sapienti

312 465 459 514 multi,
485 472 529 506 ut
547 463 751 521 scriptum
770 471 855 512 est,
880 463 1067 505 serviunt
1094 462 1236 504 liberi¹
1265 471 1336 504 :et
1353 471 1414 504 cst
1436 477 1578 504 servus
1601 461 1667 502 in·

315 536 528 593 telligens,
557 534 627 591 qui
650 541 766 591 regat
789 534 984 575 dominos
1008 534 1171 575 stultos.

376 604 490 647 XIV.
528 604 665 656 Quem
689 619 788 661 ergo
811 604 942 661 magis
966 603 1147 646 liberum
1179 604 1352 645 censes?
1384 601 1479 644 Sola
1503 609 1565 643 est
1601 616 1667 643 sa-

315 676 470 734 pientia
495 675 652 724 libera,
678 690 768 731 quae
793 675 992 717 divitibus
1027 689 1234 731 pauperes
1265 672 1466 731 prseficit,
1503 681 1543 714 et
1577 687 1668 729 quae

319 763 459 789 servos
486 746 663 804 propriis
687 746 893 787 foenerare
916 745 1095 787 dominis
1120 745 1216 787 facit
1242 759 1251 786 t
1272 744 1477 786 foenerare
1494 758 1576 785 non
1595 758 1668 799 pe-

318 818 486 860 cuniam
504 851 512 865 ‚
531 818 600 859 sed
625 817 884 857 intellectum
914 831 920 855 :
948 816 1154 857 foenerare
1175 816 1378 857 talentum
1403 814 1510 855 illius
1531 812 1670 855 Domi-

318 888 401 930 nici
425 887 654 942 aeternique
678 885 879 933 thesauri,
900 887 970 941 qui
990 900 1202 941 nunquam
1223 884 1523 941 corrumpitur,
1551 883 1670 938 cujus

319 967 360 1000 et
383 972 506 998 usura
528 956 711 1012 pretiosa
733 963 794 996 est
821 970 829 995 :
856 956 1060 996 soencrare
1087 956 1188 996 illud
1207 954 1467 1010 intelligibile
1489 952 1671 1008 eloquio-

321 1043 414 1068 rum
439 1035 657 1083 argentum
681 1026 942 1073 coelestium,
972 1026 1021 1066 dc
1040 1040 1122 1080 quo
1145 1025 1228 1065 Lex
1250 1024 1352 1065 dicit
1372 1038 1380 1064 :
1400 1041 1413 1060 a
1431 1022 1672 1064 Foenerahis

320 1098 566 1155 „gentibus‚
605 1105 647 1137 tu
675 1105 812 1137 autem
839 1111 919 1136 non
948 1096 1207 1136 mutuaberis
1221 1094 1280 1136 ².»
1320 1094 1442 1145 Quod
1472 1094 1672 1134 Hebraeus

322 1157 537 1211 soene'ravit
558 1168 768 1224 gentibus,
791 1167 879 1223 ipse
902 1178 1039 1208 autem
1064 1181 1145 1207 non
1172 1167 1333 1222 accepit
1355 1181 1374 1206 a
1400 1165 1562 1221 populis
1580 1164 1674 1205 doc-

322 1242 497 1286 trinam,
524 1241 598 1280 scd
634 1238 804 1280 tradidit
847 1252 855 1279 :
898 1238 965 1279 cui
994 1238 1159 1294 aperuit
1195 1237 1399 1295 Dominus
1431 1236 1673 1277 thesaurum

321 1327 441 1353 suum
462 1344 472 1359 ,
497 1320 541 1351 ut
561 1319 705 1366 gentes
729 1309 868 1365 pluvia
892 1307 1098 1349 sermonis
1120 1308 1182 1348 sui
1214 1308 1372 1348 faceret
1393 1306 1642 1348 humescere
1663 1338 1673 1351 ‚

323 1391 363 1423 et
390 1381 508 1422 ficret
530 1381 726 1437 princeps
749 1379 954 1436 gentium,
976 1379 1063 1435 ipse
1081 1386 1219 1420 autem
1238 1392 1359 1434 supra
1378 1391 1420 1418 se
1441 1375 1674 1433 principem

328 1453 489 1493 nullum
508 1450 697 1492 haberet.

382 1521 474 1564 XV.
516 1520 641 1562 Liber
663 1529 724 1561 est
747 1535 846 1577 ergo
871 1519 941 1576 qui
966 1520 1128 1576 sapiens
1147 1527 1223 1567 cst,
1247 1518 1382 1575 pretio
1405 1525 1568 1573 emptus
1583 1530 1678 1556 ora·

329 1593 523 1634 culorum
547 1590 780 1632 coelestium
798 1623 807 1638 ,
838 1591 908 1631 illo
932 1605 1032 1631 auro
1048 1623 1059 1638 ‚
1095 1590 1166 1631 illo
1191 1597 1363 1645 argento
1386 1588 1588 1629 sermonis
1615 1586 1679 1628 di·

330 1661 414 1702 vini
441 1677 450 1701 ε
477 1661 612 1717 pretio
640 1669 806 1717 emptus
838 1659 1051 1715 sanguinis
1084 1661 1191 1716 (non
1223 1659 1334 1700 enim
1371 1657 1595 1699 minimum
1618 1664 1681 1697 est

329 1741 565 1789 emptorem
590 1732 840 1788 agnoscere)
864 1731 999 1787 pretio
1033 1739 1201 1787 emptus
1228 1729 1394 1786 gratiae,
1426 1728 1498 1784 qui
1525 1725 1681 1769 audivit

330 1811 372 1843 et
396 1800 597 1842 intellexit
619 1801 831 1841 dicentem
855 1814 896 1841 :«
912 1800 994 1851 Qui
1010 1800 1156 1848 sititis,
1181 1800 1236 1841 ite
1254 1801 1306 1840 ad
1328 1813 1502 1855 aquam3
1525 1807 1566 1839 et
1586 1797 1681 1854 qui-

333 1885 546 1926 »cumque
563 1884 647 1911 non
671 1869 833 1911 habetis
855 1878 1074 1924 argentum
1091 1902 1100 1916 ,
1121 1870 1176 1911 ite
1197 1901 1207 1917 ‚
1237 1869 1387 1917 emite,
1411 1877 1452 1910 et
1474 1868 1623 1917 bibite,
1641 1876 1683 1910 et

332 1961 347 1981 n
362 1939 656 1983 manducate³.
675 1959 688 1978 »

392 2011 504 2054 XVI.
542 2011 668 2054 Liber
688 2019 751 2052 est
774 2010 866 2060 ille,
894 2011 963 2067 qui
997 2010 1267 2067 progrediens
1291 2009 1332 2051 in
1354 2009 1511 2051 bellum
1533 2043 1543 2059 ‚
1569 2009 1600 2051 si
1623 2008 1684 2050 vi-

335 2082 444 2124 derit
465 2081 685 2122 mulierem
709 2081 863 2121 bonam
889 2087 1061 2137 aspectu
1079 2079 1113 2127 ⁴,
1142 2087 1183 2120 et
1211 2079 1474 2134 depraedatus
1496 2093 1594 2135 opes
1612 2078 1685 2120 ini·

334 2151 543 2193 micorum
563 2165 752 2199 suorum,
773 2158 984 2208 repertam
1002 2149 1088 2191 illie
1113 2149 1376 2205 concupierit
1398 2163 1510 2196 eam,
1537 2150 1686 2206 demp-

336 2224 388 2265 tis
430 2221 655 2278 superfluis
672 2252 682 2269 ‚
717 2229 759 2261 ct
797 2220 1044 2263 indumento
1095 2219 1346 2277 captivitatis
1386 2221 1574 2262 detracto
1595 2253 1605 2269 ,
1644 2219 1685 2260 in

338 2305 513 2333 uxorem
537 2290 614 2331 sibi
638 2289 932 2346 copulaverit,
958 2289 1041 2345 jam
1067 2304 1149 2330 non
1174 2304 1357 2337 servam,
1386 2290 1458 2331 sed
1478 2289 1683 2336 libcram3

335 2361 531 2418 intelligit
565 2361 676 2402 enim
713 2359 933 2401 famulatui
964 2360 1232 2416 prudentiam
1255 2369 1295 2401 et
1318 2359 1577 2416 disciplinam
1602 2373 1686 2400 non

338 2433 573 2491 subjacere.
601 2433 789 2488 Ideoque
818 2431 903 2474 Lex
923 2432 1026 2474 dicit
1047 2447 1088 2474 :a
1105 2432 1197 2475 Non
1218 2431 1544 2474 venumdabitur
1560 2446 1684 2488 pecu—

383 2543 394 2558 1
428 2535 527 2567 Prov.
546 2543 627 2571 xvir,
647 2544 675 2564 2.
698 2550 738 2558 -
762 2543 774 2557 ⁸
803 2533 899 2566 Deut.
933 2544 985 2572 xv,
1013 2533 1046 2566 6.
1077 2551 1115 2558 —
1141 2534 1153 2557 ³
1186 2532 1260 2565 lsai.
1280 2543 1332 2571 nv,
1363 2543 1391 2570 ι,
1407 2537 1439 2564 et
1457 2531 1611 2565 Ecclhu.
1627 2530 1681 2562 33.

338 2606 377 2614 -
404 2592 419 2617 4
448 2589 546 2620 Deut.
566 2599 611 2627 xi,
631 2597 747 2624 io.11.
