1774 3158
499 231 782 262 EplsToLAmJM
814 231 972 262 cussis
1002 234 1030 262 1.
1361 226 1448 281 449

102 320 192 350 non
219 307 406 351 tristibus
431 309 660 367 mergitum
697 308 769 351 ubi
806 310 918 354 enim
958 311 1160 368 sapientia
1176 344 1187 361 ,
1224 312 1281 356 ibi
1319 315 1450 360 virtus

109 376 262 427 animi,
290 377 347 420 ibi
367 380 598 421 constantia
622 388 664 422 et
683 379 900 422 fortitudo.
927 379 1100 438 Sapiens
1122 397 1221 440 ergo
1254 384 1362 428 idem
1387 397 1450 429 est

91 447 270 498 animo,
295 464 378 491 non
401 449 622 498 minuitur,
651 464 734 492 non
754 459 930 506 augetur
951 467 1091 494 rerum
1109 455 1412 499 mutationibus
1442 475 1450 499 :

109 530 188 559 nec
212 526 257 559 ut
278 520 474 575 parvulus
496 519 689 569 fluctuat,
708 521 1187 565 utciruml'eraturomni
1211 534 1334 567 vento
1353 529 1455 569 doc-

110 586 247 638 trinae,
267 590 340 631 sed
352 600 496 633 manet
511 591 722 647 perfectus
741 591 782 632 in
802 591 993 643 Christo,
1017 593 1214 636 fundatus
1232 595 1453 646 charitate,

113 659 324 703 radicatus
347 659 444 703 fide.
482 662 658 719 Sapiens
678 676 776 718 ergo
800 661 990 704 desectus
1023 677 1166 705 rerum
1198 666 1388 722 ignorat,
1416 677 1459 710 et

116 730 251 772 varios
275 731 402 773 animi
426 747 546 775 casus
564 733 725 775 nescit:
751 733 823 774 sed
846 733 1023 790 fulgebit
1042 734 1152 776 sicut
1175 735 1245 777 Sol
1267 737 1453 792 justitiae,

116 801 186 857 qui
211 801 252 842 in
276 816 405 858 regno
422 802 552 845 Patris
571 802 633 844 sui
660 802 830 860 sulget¹.

174 870 242 914 VI.
281 873 400 914 Unde
423 881 564 915 tamen
587 873 666 915 hoc
690 874 854 931 plenius
882 874 1070 918 hauserit
1095 876 1362 935 Philosophia
1380 911 1390 927 ,
1413 881 1465 922 de

114 957 196 999 qua
213 942 384 985 Patrum
404 943 621 1000 disciplina
637 952 679 986 et
696 944 937 1001 prudentia.
964 945 1295 990 consideremus.
1319 949 1466 992 Nonne

114 1013 275 1071 primus
303 1013 392 1056 Noe·
413 1046 423 1062 ,
448 1028 547 1056 cum
576 1014 822 1057 advertisset
843 1016 940 1072 quia
964 1016 1210 1073 insipienter
1233 1018 1342 1061 filius
1369 1036 1469 1062 suus

117 1083 251 1125 Cham
280 1083 431 1126 riserat
465 1086 671 1126 nudatum
700 1093 889 1142 patrem,
921 1087 1137 1128 maledixit
1176 1089 1236 1140 ei,
1282 1090 1430 1134 dicens
1456 1107 1466 1133 ε

125 1171 140 1192 «
159 1153 404 1197 Maledictus
418 1154 570 1203 Cham,
585 1170 727 1197 servus
743 1155 998 1198 domesticus
1011 1157 1090 1199 erit
1104 1157 1301 1201 fratribus
1320 1161 1463 1209 suis²;»

115 1232 157 1265 et
178 1224 406 1281 praeposuit
424 1225 460 1266 ei
482 1224 629 1267 fratres
652 1225 744 1282 ejus
765 1226 956 1268 dominos
975 1260 984 1274 ‚
1014 1228 1084 1283 qui
1108 1228 1318 1284 sapienter
1341 1232 1471 1288 patris

114 1303 377 1337 senectutem
401 1295 690 1338 honorandam
713 1297 945 1353 putarunt?

173 1365 262 1408 Vll.
300 1365 449 1408 Nonne
471 1367 598 1408 etiam
626 1367 717 1408 fons
739 1367 809 1409 ille
835 1367 1152 1425 disciplinarum
1181 1371 1372 1413 omnium
1394 1372 1469 1415 Ja-

115 1433 240 1483 cob³‚
269 1435 506 1478 ubertatem
532 1436 826 1493 disputationis
856 1436 982 1491 hujus
1014 1438 1203 1480 omnium
1229 1441 1474 1496 pectoribus

114 1504 296 1554 infudit,
317 1505 388 1562 qui
411 1505 627 1562 sapientiae
655 1505 809 1547 merito
831 1506 1029 1562 praelatus
1053 1515 1116 1548 est
1137 1507 1255 1549 fratri
1279 1510 1434 1551 seniori
1460 1511 1476 1551 Ξ)

113 1574 305 1632 Denique
325 1584 446 1632 pater
464 1576 581 1633 pius,
606 1575 677 1632 qui
705 1576 814 1616 inter
838 1576 943 1616 duos
970 1573 1076 1617 filios
1105 1575 1259 1619 affectu
1292 1587 1475 1621 certaret

114 1648 314 1704 paterno,
343 1647 416 1688 sed
445 1646 703 1704 discreparet
723 1646 882 1702 judicio
923 1646 1113 1700 (affectus
1141 1649 1254 1689 enirn
1284 1650 1471 1691 necessi·

113 1717 261 1759 tudine
280 1717 492 1766 defertur,
516 1716 676 1759 meritis
714 1725 854 1758 autem
891 1715 1047 1772 judicia
1077 1717 1342 1771 formantur)
1371 1733 1471 1761 cum

116 1786 319 1829 divideret
340 1785 458 1828 alteri
480 1786 682 1842 gratiam,
721 1786 839 1828 alteri
878 1786 1212 1828 misericordiam
1249 1803 1258 1829 :
1290 1788 1466 1844 sapienti

114 1856 317 1914 gratiam,
353 1855 565 1913 insipienti
602 1855 962 1904 misericordiam3
989 1856 1084 1912 quia
1114 1857 1166 1898 ad
1203 1857 1399 1900 virtutem
1421 1873 1465 1901 se

114 1927 293 1984 propriis
312 1926 469 1968 viribus
485 1926 646 1982 erigere
663 1940 747 1967 non
761 1934 943 1983 poterat,
960 1941 1038 1968 nec
1057 1935 1335 1984 spontaneum
1354 1943 1465 1985 gres·

115 2010 207 2038 sum
231 1996 446 2045 attollere,
477 1994 694 2038 benedixit
720 2011 817 2037 eum
834 2028 847 2045 ‚
874 2003 920 2036 ut
943 1995 1115 2038 serviret
1144 1996 1259 2038 fratri
1283 2012 1357 2038 suo
1376 2031 1385 2046 ,
1422 2006 1466 2040 et

114 2076 221 2111 esset
238 2067 365 2125 ipsius
381 2081 524 2110 servus
538 2099 549 2116 ,
571 2067 795 2109 ostendens
817 2066 872 2108 ita
890 2066 1141 2108 deteriorem
1159 2082 1247 2109 esse
1267 2068 1465 2111 servitute

115 2136 419 2194 insipientiam,
444 2144 490 2178 ut
512 2136 701 2178 remedio
724 2136 761 2177 ei
783 2136 960 2178 servitus
980 2135 1030 2178 sit
1049 2153 1059 2184 ;
1084 2136 1179 2192 quia
1214 2138 1369 2180 stultus
1396 2153 1465 2180 re—

115 2221 213 2264 gere
236 2221 279 2248 se
308 2220 394 2248 non
425 2214 587 2263 potest,
611 2214 653 2248 et
674 2206 753 2248 nisi
775 2206 1088 2249 moderatorem
1112 2206 1287 2257 habeat,
1323 2208 1465 2265 praeci-

115 2277 274 2335 pitatur
295 2277 476 2335 propriis
497 2277 797 2319 voluntatibus.

176 2344 290 2388 VIII.
325 2344 511 2402 Diligens
534 2361 633 2403 ergo
665 2355 784 2402 pater
819 2355 861 2388 et
898 2346 1143 2394 consulens,
1182 2360 1348 2388 servum
1370 2361 1467 2388 eum

119 2415 258 2459 fratris
280 2415 343 2458 sui
366 2416 465 2458 fecit
481 2447 493 2466 ,
524 2424 572 2458 ut
593 2416 684 2472 ejus
710 2425 926 2474 regeretur
950 2416 1139 2459 consilio.
1185 2414 1286 2458 Ideo
1318 2416 1468 2459 incon-

122 2487 239 2531 sultis
255 2487 420 2546 populis
444 2487 652 2545 sapientes
679 2488 837 2546 quique
870 2487 1127 2530 adhibentur
1154 2495 1340 2530 rectores
1358 2519 1369 2535 ,
1398 2487 1469 2544 qui

165 2586 173 2603 ¹
196 2578 317 2612 matth.
334 2589 407 2617 xm,
422 2577 480 2617 43.
495 2596 535 2606 -
552 2589 564 2607 ι
581 2578 668 2614 Gen.
683 2590 729 2619 ix,
747 2580 799 2611 25.
817 2596 858 2607 --
874 2580 888 2606 Ι
909 2578 960 2614 Id.
975 2589 1078 2617 xxvii,
1098 2589 1149 2620 ²9·

267 2647 349 2676 mxi.
1277 2646 1330 2689 29
