1774 3158
213 243 218 246 ἢ
276 247 357 295 248
811 257 856 287 ε»
882 257 1071 284 Amssnosu

271 336 485 379 consensit
501 336 689 379 Arrianae
706 334 923 392 impietati.
950 334 1112 377 Placuit
1135 334 1208 376 tibi
1236 334 1277 376 in
1293 335 1466 392 epistola
1485 338 1621 379 media

268 407 496 450 lectionem
519 420 780 463 proponere,
810 420 935 461 quam
959 405 1129 446 volebas
1150 419 1159 444 :
1194 419 1441 462 responsum
1465 407 1538 449 tibi
1561 417 1623 450 est

269 475 630 532 quemadmodum
663 475 793 517 Filius
820 475 985 516 Patrem
1011 474 1215 530 majorem
1241 475 1412 523 dixerit,
1437 492 1485 518 eo
1509 478 1623 533 quod

268 544 503 587 secundum
537 544 672 587 carnis
702 545 1011 601 susceptionem
1034 544 1156 585 Pater
1182 544 1318 600 major
1344 555 1406 588 est
1428 561 1492 588 eo.
1519 548 1622 589 Pro·

270 614 469 672 prosuisti
488 614 613 656 etiam
632 613 873 669 subjectum
900 628 990 655 esse
1011 613 1165 655 Filium
1183 613 1282 661 Dei;
1309 623 1350 656 et
1371 615 1412 656 in
1429 615 1508 657 hoc
1534 632 1621 659 res-

268 700 447 742 ponsum
466 685 540 727 tibi
564 693 652 732 est,
676 685 771 740 quia
796 684 1011 740 subjectus
1030 683 1160 725 Filius
1183 685 1256 725 Dei
1279 688 1513 728 secundum
1536 702 1622 728 car·

267 770 364 797 nem
385 764 471 802 est,
491 770 575 796 non
598 756 834 796 secundum
858 755 1144 796 Divinitatem.
1168 755 1306 796 Habes
1318 755 1621 812 professionem

270 834 459 868 nostram
474 857 483 874 ‚
504 840 616 867 nunc
641 826 735 866 audi
756 833 919 867 caetera.
938 825 1149 876 Quoniam
1169 826 1243 867 tibi
1267 842 1513 883 responsum
1535 837 1618 877 est,

267 896 477 952 responde
505 896 556 936 ad
577 910 623 936 ea
642 927 651 942 ,
677 910 768 951 quae
785 897 995 952 leguntur.

325 964 475 1008 XLIII.
513 965 720 1007 Palladius
745 965 847 1007 dixit
869 981 877 1006 ;
901 965 992 1008 Non
1015 966 1088 1007 tibi
1107 966 1362 1023 respondeo;
1388 967 1485 1023 quia
1507 983 1622 1024 quae-

269 1050 453 1091 cumque
483 1050 559 1091 ego
584 1035 691 1083 dixi,
717 1050 801 1076 non
826 1044 924 1077 sunt
946 1036 1101 1093 scripta
1129 1052 1136 1077 :
1165 1045 1300 1078 vestra
1326 1040 1620 1081 tautummodo

267 1106 512 1148 scribuntur
529 1105 655 1147 verba
677 1120 686 1146 :
713 1120 796 1147 non
820 1106 936 1147 vobis
959 1107 1207 1163 respondeo·

325 1176 576 1218 Ambrosius
609 1176 830 1234 episcopus
865 1176 966 1218 dixit
997 1191 1005 1217 :
1042 1176 1194 1218 Omnia
1220 1177 1334 1219 vides
1364 1179 1503 1222 scribi.
1535 1180 1622 1222 De·

268 1247 395 1303 nique
414 1262 505 1304 quae
532 1247 685 1303 scripta
709 1255 828 1296 suut,
854 1247 1072 1289 abundant
1098 1248 1150 1289 ad
1182 1257 1262 1289 tuae
1296 1249 1523 1305 impietatis
1555 1251 1621 1292 in-

268 1317 434 1360 dicium.
454 1318 505 1359 Et
529 1317 716 1359 addidit:
740 1317 987 1360 Creaturam
1007 1318 1109 1360 dicis
1130 1318 1344 1360 Christum
1362 1353 1371 1368 ,
1393 1335 1444 1361 an
1466 1321 1621 1378 negas?

323 1387 531 1430 Palladius
560 1387 662 1429 dixit
686 1403 694 1429 :
721 1388 812 1430 Non
836 1389 1084 1444 respondeo.

324 1459 571 1502 Ambrosius
599 1459 820 1516 episcopus
844 1460 946 1501 dixit
972 1475 981 1501 :
1007 1461 1116 1502 Ante
1152 1461 1298 1502 horam
1323 1462 1426 1503 citra
1451 1471 1586 1504 actam
1603 1497 1613 1512 ‚

265 1545 363 1572 cum
386 1531 598 1587 legeretur
621 1530 717 1586 quia
739 1529 884 1572 Arrius
904 1531 1005 1572 dixit
1029 1540 1265 1573 creaturam
1286 1531 1499 1574 Christum
1514 1566 1523 1580 ,
1544 1549 1617 1574 ne-

264 1601 394 1657 gasti:
416 1602 605 1643 oblatum
623 1610 685 1643 est
705 1601 801 1649 tibi,
828 1610 872 1642 ut
890 1604 1112 1643 damnares
1134 1602 1353 1659 perfidiam
1372 1636 1382 1652 ,
1407 1604 1579 1645 noluisti
1606 1619 1615 1645 :

264 1674 328 1714 vel
344 1687 458 1714 nunc
477 1673 543 1714 dic
564 1680 705 1713 utrum
723 1681 842 1714 natus
860 1687 910 1714 ex
924 1672 1045 1714 Patre
1066 1672 1256 1714 Christus
1273 1673 1340 1721 sit,
1356 1688 1407 1714 an
1426 1674 1618 1716 creatus?

319 1743 528 1784 Palladius
549 1742 650 1783 dixit
671 1757 679 1784 ε
710 1742 752 1784 Si
773 1742 897 1784 vultis
913 1775 924 1791 ,
943 1752 1187 1800 exceptores
1208 1744 1338 1785 nostri
1364 1744 1556 1794 veniant,
1577 1753 1619 1788 et

262 1814 320 1857 sic
345 1822 480 1856 totum
503 1813 749 1870 excipiatur.

320 1884 501 1926 Sabinus
527 1884 750 1941 episcopus
779 1884 908 1926 dixit:
934 1886 1130 1927 Adducat
1154 1901 1250 1927 suos
1273 1894 1531 1942 exceptores.

317 1955 526 1996 Palladius
550 1954 654 1996 dixit
675 1970 683 1996 :
714 1955 842 1997 Pleno
867 1955 1056 1998 Concilio
1080 1957 1196 1998 vobis
1221 1956 1586 2013 respondebimus.

317 2023 468 2067 XLIV.
507 2025 756 2067 Ambrosius
778 2026 999 2083 episcopus
1024 2026 1125 2068 dixit
1150 2042 1158 2067 :
1185 2026 1349 2068 Attalus
1373 2027 1412 2068 in
1433 2035 1614 2068 tractatu

259 2095 418 2138 Nicaeni
441 2095 617 2136 Conciiii
644 2095 905 2152 subscripsit.
935 2096 1066 2153 Neget
1088 2097 1245 2138 factum
1265 2130 1273 2145 ,
1300 2098 1395 2153 quia
1423 2098 1535 2138 venit
1563 2098 1615 2138 ad

259 2165 510 2207 Concilium.
537 2165 658 2207 Dicat
690 2165 816 2206 hodie
851 2173 993 2207 utrum
1028 2167 1325 2225 subscripserit
1353 2167 1394 2208 in
1431 2175 1614 2210 tractatu

258 2236 417 2279 Nicaeni
441 2236 618 2277 Concilii
635 2268 644 2284 ,
669 2251 720 2276 au
750 2251 846 2277 non.

317 2308 508 2362 Cumque
525 2306 688 2347 Attalus
712 2306 934 2354 reticeret,
958 2306 1206 2349 Ambrosius
1233 2308 1456 2365 episcopus
1480 2308 1610 2351 dixit:

257 2377 420 2420 Attalus
455 2377 674 2433 presbyter
711 2376 808 2418 lic‹·t
846 2377 954 2418 inter
979 2378 1178 2419 Arrianos
1206 2378 1278 2426 sit,
1321 2387 1459 2419 tamen
1483 2377 1612 2421 habet

254 2447 553 2491 auctoritatem
571 2447 769 2502 loquendi
793 2461 800 2487 :
821 2447 952 2488 libere
971 2446 1218 2503 profiteatur
1241 2456 1382 2488 utrum
1402 2449 1610 2506 subscrip-

253 2518 352 2560 serit
375 2517 416 2558 in
446 2525 626 2558 tractatu
651 2517 806 2560 Niczcui
833 2517 1012 2560 Concilii
1036 2518 1112 2559 suh
1135 2518 1333 2575 episcopo
1357 2533 1432 2561 suo
1455 2519 1609 2578 Agrip-

255 2590 375 2647 pino,
403 2603 452 2630 an
475 2602 572 2629 non.
