1774 3158
1461 230 1478 239 ,ι

1456 246 1478 267 'i

328 237 378 265 DE
412 237 588 265 EXCESSU
623 238 792 266 FRATnts
827 239 887 267 SUI
921 241 1087 276 SATYM,
1125 243 1201 271 Lm.
1243 245 1267 270 1.

130 314 278 358 ficium
302 317 565 374 perdidisset.
588 317 713 369 Quod
734 319 856 375 igitur
874 321 1010 374 majus
1031 331 1093 364 est
1113 324 1307 366 solatium
1332 325 1477 373 nostri,

128 402 253 442 quam
279 388 391 444 quod
413 388 647 429 secundum
676 403 846 431 carnem
870 399 911 432 et
939 391 1132 434 Christus
1158 403 1351 436 mortuus
1382 395 1478 437 ost?

129 457 213 498 Aut
230 471 306 499 cur
328 472 406 514 ego
431 457 718 500 vehementius
734 459 856 501 sseam
876 460 1046 503 fratrem
1061 495 1071 510 ‚
1099 478 1193 505 cum
1218 466 1481 508 sciamillam

128 525 237 568 mori
258 541 340 568 non
362 527 546 583 potuisse
568 528 800 584 pietatem?

192 595 236 638 V.
276 596 360 638 Cur
382 598 493 638 solus
520 613 604 654 prae
637 599 802 641 caeteris
835 600 982 649 sseam,
1010 616 1134 658 quem
1166 602 1275 644 ssetis
1303 605 1480 646 omnes?

130 665 340 708 Privatum
369 668 557 709 dolorem
589 669 803 710 communi
844 670 989 711 dolore
1035 671 1215 728 digessi,
1249 675 1481 729 praesertim

129 750 225 779 cnm
249 751 352 778 meze
373 738 569 794 lacrymae
595 737 698 780 nihil
729 739 919 795 prosint,
949 750 1095 783 vcstrae
1120 751 1257 783 autem
1283 745 1481 800 lacrymae

128 804 256 847 fidem
295 813 481 849 astruant
502 838 512 854 ,
551 808 880 850 consolationem
918 808 1107 852 afferant.
1144 811 1270 852 Fletis
1302 813 1447 854 divites
1468 845 1478 861 ‚

128 882 168 916 ct
192 874 332 917 flendo
358 876 546 933 probatis
571 877 675 918 nihil
698 877 893 934 opitulari
925 880 1125 935 repositas
1158 880 1319 922 divitias
1343 883 1393 923 ad
1415 898 1482 923 sa-

128 945 287 994 lutem3
313 960 412 987 cum
430 946 620 1003 pecuniae
643 947 778 1004 pretio
810 962 922 989 mors
955 947 1112 989 differri
1141 964 1222 990 non
1255 958 1380 1005 (sucat
1401 983 1410 998 ,
1442 960 1483 993 et

127 1014 217 1071 pari
237 1029 315 1057 usu
336 1015 531 1064 divitem,
557 1016 810 1073 inopemque
833 1018 919 1059 dies
937 1034 1156 1075 supremus
1180 1020 1340 1077 eripiat.
1357 1021 1484 1062 Fletis

129 1099 263 1133 senes,
291 1087 404 1142 quod
426 1086 465 1127 in
486 1086 567 1128 hoc
588 1086 820 1128 liberorum
845 1096 998 1129 sortem
1017 1089 1195 1145 paveti53
1217 1098 1257 1131 et
1275 1091 1369 1131 ideo
1388 1090 1483 1146 quia

129 1154 256 1197 vitam
282 1157 470 1213 corporis
497 1156 734 1213 producere
761 1173 844 1199 nou
869 1158 1062 1214 potestis,
1100 1158 1302 1200 instituite
1327 1160 1482 1201 liberos

129 1240 213 1267 non
238 1228 288 1268 ad
314 1242 435 1268 usum
456 1228 644 1284 corporis
663 1261 672 1276 ‚
698 1228 771 1269 sed
796 1230 846 1270 ad
864 1228 1028 1270 virtutis
1051 1228 1251 1271 officium.
1286 1230 1413 1271 Fletis
1441 1239 1484 1272 ct

127 1296 301 1352 juvenes
320 1329 329 1345 ,
356 1299 468 1354 quod
496 1307 655 1339 naturae
687 1297 780 1340 sinis
810 1314 893 1340 non
918 1299 970 1340 sit
992 1299 1209 1340 maturitas
1238 1300 1478 1342 senectutis.

127 1368 356 1410 Fleverunt
376 1377 416 1410 et
435 1384 654 1426 pauperes,
677 1378 718 1411 et
735 1370 847 1425 quod
866 1371 999 1411 multo
1015 1378 1076 1410 est
1099 1370 1320 1426 pretiosius
1339 1403 1347 1417 ‚
1371 1371 1480 1411 mul-

130 1446 256 1495 toque
285 1439 479 1487 uberius,
512 1439 709 1496 lacrymis
747 1439 831 1480 suis
861 1439 951 1495 ejus
987 1439 1138 1481 delicta
1162 1440 1367 1481 laverunt.
1399 1441 1483 1482 Illae

129 1518 226 1552 sunt
245 1511 444 1568 lacr-ymae
465 1511 767 1568 redemptrices
782 1543 792 1559 ,
810 1509 868 1552 illi
885 1510 1063 1567 gemitus
1079 1511 1148 1566 qui
1165 1511 1351 1551 dolorem
1368 1526 1484 1552 mor-

130 1580 182 1623 tis
216 1581 510 1630 abscondunt,
541 1582 609 1623 ille
638 1583 757 1623 dolor
778 1581 846 1637 qui
871 1589 1084 1638 perpetuae
1113 1580 1307 1622 ubertate
1332 1581 1483 1623 laetitiae

129 1651 278 1694 veteris
300 1667 466 1694 sensum
489 1651 642 1693 doloris
664 1652 864 1694 obducat.
904 1652 1048 1706 Itaque
1066 1651 1166 1691 licet
1188 1651 1396 1707 privatum
1418 1652 1484 1692 su-

133 1737 211 1763 nus
231 1754 243 1773 ‚
267 1721 391 1764 ssetus
415 1730 554 1766 tamen
578 1731 640 1764 est
662 1721 857 1778 publicus
877 1738 888 1769 3
914 1729 955 1762 et
978 1721 1071 1762 ideo
1094 1736 1176 1761 non
1201 1730 1336 1777 polest
1359 1721 1482 1763 fletus

130 1806 219 1833 esse
256 1791 511 1840 diuturnus,
551 1792 621 1848 qui
661 1791 952 1834 universorum
985 1800 1046 1833 est
1081 1790 1299 1834 affectibus
1333 1806 1484 1834 conse-

130 1871 283 1907 cratus.

189 1932 256 1975 Vl.
294 1932 396 1975 Nam
420 1933 524 1989 quid
546 1941 585 1974 te
602 1965 612 1981 ,
641 1933 699 1974 mi
724 1932 852 1974 frater
873 1931 1159 1974 amantissime
1177 1964 1187 1980 ,
1220 1932 1342 1973 fleam
1364 1965 1374 1980 ,
1411 1932 1482 1988 qui

129 2002 232 2045 mihi
250 2003 309 2046 sic
331 2012 501 2061 ereptus
523 2019 565 2045 es
580 2035 590 2051 ,
615 2011 663 2045 ut
689 2018 798 2045 esses
823 2002 1045 2045 omnium?
1067 2002 1158 2045 Non
1180 2003 1290 2043 enim
1319 2002 1483 2059 perdidi

130 2087 252 2115 usum
272 2073 347 2122 tui,
365 2074 436 2115 sed
451 2072 730 2115 commutavi:
750 2082 844 2114 ante
859 2087 1036 2130 corpore
1050 2071 1355 2129 inseparabilis,
1371 2086 1484 2113 nuuc

132 2142 370 2185 individuus
403 2142 584 2192 ass'ectug
617 2158 760 2185 manes
782 2142 893 2185 enim
921 2157 1088 2184 mecum
1107 2175 1116 2189 ‚
1144 2150 1183 2183 at
1208 2157 1375 2198 semper
1393 2156 1485 2183 ma—

131 2213 264 2255 nebis.
302 2213 352 2255 Et
379 2213 550 2269 quidem
587 2228 686 2255 cum
712 2213 870 2254 viveres
906 2212 1127 2254 nobiscum
1148 2246 1158 2260 ‚
1194 2226 1410 2268 nunqnam
1447 2221 1486 2254 te

131 2283 264 2341 patria
288 2282 440 2340 cripuit
463 2283 566 2324 mihi
588 2315 599 2331 ‚
623 2298 700 2324 nec
727 2283 812 2340 ipse
836 2282 940 2324 mihi
967 2297 1152 2339 unquam
1183 2281 1359 2339 patriam
1384 2297 1485 2338 prce-

134 2353 262 2397 tulisti
296 2368 305 2394 :
329 2362 370 2395 ct
394 2368 506 2394 nunc
534 2353 707 2394 alteram
735 2352 990 2410 praestitisti;
1026 2352 1133 2409 coepi
1158 2351 1270 2392 enim
1299 2351 1381 2407 jam
1420 2352 1487 2393 hic

133 2438 216 2465 non
240 2436 329 2465 esse
352 2423 596 2480 peregrinus
617 2457 625 2471 ,
649 2422 721 2464 ubi
739 2422 892 2464 melior
911 2422 991 2464 mei
1014 2421 1151 2479 portio
1169 2430 1243 2463 est.
1264 2421 1489 2477 'Nunquam

134 2493 245 2534 enim
272 2500 384 2535 totus
402 2492 443 2534 in
470 2507 536 2534 me
557 2492 615 2535 sui
631 2524 642 2542 ‚
670 2493 803 2536 sedin
825 2493 956 2534 altero
978 2491 1109 2534 nostri
1126 2507 1222 2549 pars
1245 2490 1379 2547 major
1402 2505 1489 2532 am·

134 2562 286 2605 borum
300 2577 309 2605 t
321 2572 501 2619 uterque
515 2571 655 2606 autem
672 2577 842 2606 eramus
856 2562 897 2605 in
913 2561 1155 2611 Christo,?i11
1174 2575 1257 2618 quo
1269 2569 1310 2602 et
1325 2575 1488 2602 summa
