1774 3158
663 204 997 233 ΑΝΝοΤΑΤῐοΝΕε.
1429 196 1510 237 525

163 284 312 327 diebus
333 282 552 341 opiniones
585 282 769 323 reserens
785 314 795 330 ,
824 282 996 339 singulis
1019 283 1233 326 mensibus
1256 286 1360 327 duos
1392 286 1516 329 fuisse

160 356 288 397 tradit
312 353 601 412 aggrediendis
630 353 755 396 rebus
782 353 1077 411 inauspicatos.
1105 353 1209 397 Vide
1241 356 1365 399 eziam
1395 358 1513 400 Abu-

159 426 318 467 lensem
341 425 381 466 in
404 424 532 465 Exod.
557 438 620 465 12.

497 586 739 616 ANNOTATIO
770 573 890 628 (139)
928 587 1018 629 pag.
1059 573 1156 631 37¹·

220 712 366 753 Utrum
405 725 483 752 vox
513 710 702 766 episcopi
728 723 823 750 cum
853 709 1062 765 adjectivo
1089 711 1287 767 plerique
1312 722 1353 755 et
1380 714 1507 755 verbo

158 790 389 837 expectant
420 780 666 827 conveniat,
693 794 743 820 an
767 793 864 820 vero
894 780 1024 835 posita
1049 780 1100 822 sit
1125 781 1166 822 in
1192 782 1387 839 gignendi
1412 799 1510 826 casu

157 861 199 893 et
226 853 276 893 ad
301 860 341 894 τὸ
373 849 652 907 definitiones
683 849 912 898 referatur,
939 851 1092 908 ambigi
1124 861 1272 909 potest.
1312 853 1507 896 Attamen

157 923 354 964 ultimum
390 922 509 963 nohis
536 915 801 962 verisimilius
825 929 910 969 est,
945 936 1041 963 cum
1065 931 1107 964 et
1137 924 1319 965 adverbii
1345 941 1509 981 quoque

157 992 373 1049 proprium
396 992 446 1033 sit
477 991 740 1032 antecedenti
766 990 943 1032 orationi
967 1001 1210 1048 sequentem
1234 1003 1505 1043 connectere,

157 1076 236 1103 nec
259 1061 355 1103 satis
379 1070 492 1103 recte
511 1062 592 1103 dici
617 1060 807 1102 videatur
829 1062 1050 1118 plerosque
1072 1063 1290 1119 episcopos
1313 1064 1510 1106 Ecclesiae

156 1131 356 1174 Romanae
375 1132 694 1173 Ambrosianum
724 1131 862 1173 adhuc
888 1140 1108 1189 expectare
1132 1134 1405 1182 senteiitiam3
1430 1136 1508 1177 nisi

157 1201 249 1257 quis
271 1201 390 1243 malit
411 1200 617 1242 Ecclesia?
642 1200 855 1243 Romame
886 1201 968 1243 hoc
1000 1202 1093 1243 loco
1122 1203 1220 1258 poni
1253 1218 1326 1258 pro
1357 1213 1509 1245 metro-

156 1273 300 1329 poleos
317 1272 528 1314 Romanae.
554 1270 636 1312 Sed
664 1280 944 1328 praeterquam
971 1267 1085 1328 quod
1113 1270 1349 1314 inusitatior
1377 1284 1436 1316 est
1461 1290 1507 1316 ea

156 1342 339 1389 locutio,
365 1356 456 1397 quae
478 1356 601 1382 causa
624 1350 755 1388 esset,
781 1355 856 1382 cur
875 1341 1011 1397 potius
1035 1341 1355 1384 Mediolanensis
1384 1359 1508 1399 quam

154 1412 332 1456 Romani
356 1412 632 1468 metropolita:
662 1412 911 1453 sententiam
943 1421 1179 1468 quaererent
1202 1413 1326 1455 iidem
1352 1415 1509 1457 antisti-

157 1483 247 1525 tes?
265 1483 408 1538 Itaque
431 1496 575 1523 vocem
594 1483 784 1538 episcopi
806 1482 1036 1537 accipimus
1065 1481 1281 1524 indefinite
1303 1499 1378 1541 pro
1401 1487 1509 1542 cpis-

156 1567 384 1609 coporum;
410 1567 506 1593 eum
533 1567 553 1593 a
589 1552 796 1607 plerisque
827 1550 1097 1608 pontificibus
1127 1552 1325 1595 Romanis
1351 1555 1509 1596 cousti-

157 1623 341 1664 tutiones
360 1623 411 1664 de
429 1622 613 1679 paschali
632 1622 735 1663 festo
761 1630 855 1663 ante
878 1622 981 1662 illud
1001 1630 1164 1678 tempus
1177 1623 1308 1664 editas
1326 1632 1502 1666 constet.

158 1693 357 1744 Quiniino
395 1692 587 1733 eamdem
627 1691 945 1740 difficultatem,
977 1706 1068 1746 quae
1100 1693 1372 1734 Ambrosium
1418 1709 1510 1735 nos-

160 1772 271 1805 trum
297 1765 345 1805 ad
369 1763 639 1804 scribendum
665 1761 743 1803 hac
767 1763 818 1803 de
841 1777 885 1802 re
908 1763 1192 1818 compulerat,
1220 1763 1344 1804 etiam
1369 1773 1512 1820 postea

162 1834 334 1875 rediisse
351 1848 400 1874 ex
424 1833 597 1890 epistola
616 1832 749 1874 sancti
771 1831 922 1874 Leonis
947 1834 997 1873 ad
1014 1831 1273 1874 Marcianum
1292 1833 1515 1891 imperato·

161 1919 251 1946 rem
287 1918 541 1961 cognoscere
568 1912 643 1945 est.
689 1904 918 1959 Utramque
954 1902 1175 1960 epistolam
1217 1919 1434 1961 compara,
1472 1914 1513 1946 et

163 1974 407 2018 affinitatem
431 1975 540 2017 inter
557 1975 646 2016 illas
664 1989 747 2016 non
767 1973 1026 2016 mediocrem
1052 1975 1300 2030 comperies.

508 2129 754 2158 ANNOTATIO
786 2113 910 2171 (140)
942 2128 1034 2171 pag.
1075 2113 1175 2170 379.

224 2253 427 2297 Bautonis
449 2252 615 2294 comitis
638 2252 789 2293 iterum
824 2258 994 2292 sanctus
1025 2258 1167 2291 noster
1192 2252 1385 2294 meminit
1407 2254 1518 2311 epis-

167 2325 250 2366 tola
273 2325 324 2365 ad
344 2322 644 2365 Theodosium.
670 2320 770 2376 Ejus
788 2319 915 2361 filiam
935 2320 1117 2362 Arcadio
1140 2320 1382 2376 imperatori
1414 2339 1519 2381 nup-

168 2395 268 2436 sisse
301 2393 427 2435 tradit
456 2391 778 2447 Philostorgius,
806 2390 876 2431 lib.
917 2404 982 2440 xi,
1006 2389 1174 2430 Histor.
1204 2389 1398 2434 Zozimus
1423 2409 1519 2436 vero

168 2474 253 2507 tam
285 2464 443 2521 prolixa
472 2463 687 2504 voluntate
721 2461 917 2502 eumdem
941 2459 1112 2508 laudat,
1138 2468 1186 2501 ut
1208 2459 1295 2502 fere
1315 2464 1520 2520 suspicio-

168 2548 266 2578 nem
285 2532 470 2591 injiciat,
491 2534 604 2589 quod
626 2531 836 2576 idolorum
859 2529 1148 2588 superstitioni
1173 2531 1363 2577 addictus
1380 2533 1519 2580 fuerit.
