1774 3158
478 303 761 332 EPISTOLARUM
794 302 950 332 CLAssm
984 304 1011 331 1.
1363 290 1442 345 187

95 390 216 437 atque
238 381 372 422 omnis
390 381 583 438 superbia
598 415 608 430 ‚
636 390 739 438 153¹.OE
756 380 1051 423 fraudulentia.
1078 381 1129 422 Et
1150 381 1244 423 ideo
1269 381 1444 423 hortare

97 453 261 508 plebem
282 451 448 494 Domini
467 467 632 508 sperare
657 451 784 508 magis
804 451 843 492 in
858 451 1038 493 Domino
1057 484 1066 499 ‚
1090 452 1302 494 abundare
1323 453 1363 493 in
1389 452 1448 493 di·

97 522 204 564 vitiis
228 522 519 579 simplicitatis,
534 522 574 563 in
594 523 744 578 quibus
769 521 1056 563 ambuletsine
1078 523 1245 578 laqueo,
1268 522 1356 564 sine
1374 523 1452 564 im-

99 593 383 648 pedimento¹.

156 662 290 704 XVII.
326 664 441 705 Bona
466 663 591 704 etiam
615 663 709 719 puri
734 662 938 704 sermonis
960 661 1204 708 sinceritas,
1247 670 1289 703 et
1326 663 1450 703 locu-

100 733 187 789 ples
211 734 321 789 apud
349 734 484 775 Deum
503 766 511 778 ‚
541 733 703 775 etiamsi
736 733 844 774 inter
867 734 1041 789 laqueos
1064 733 1275 780 ambulet3
1307 740 1450 774 tamen

100 803 194 859 qnia
210 803 275 844 alii
291 804 423 845 nescit
439 803 605 845 insidias
622 803 865 846 autvincula
882 803 1116 859 innectere,
1138 818 1221 844 non
1241 803 1447 860 alligatur.

157 872 309 915 XVIII.
349 873 455 915 Illud
479 888 646 929 quoque
668 874 952 930 praecipuum,
979 873 1010 914 si
1032 873 1283 929 persuadeas
1304 881 1350 913 ut
1382 887 1454 913 no-

101 941 236 982 verint
257 942 488 988 humiliari,
513 943 646 984 sciant
671 958 813 984 verum
835 942 1084 984 humilitatis
1104 943 1317 989 colorem,
1341 950 1456 982 natu-

103 1027 189 1053 ram
214 1013 417 1054 noverint.
441 1013 558 1055 Multi
579 1013 735 1054 habent
760 1013 1006 1055 humilitatis
1030 1013 1230 1070 speciem,
1251 1013 1452 1054 virtutem

104 1096 184 1122 non
207 1081 363 1123 habent
385 1097 393 1123 :
421 1083 540 1124 multi
563 1099 654 1124 eam
672 1083 769 1124 soris
794 1084 1077 1139 praetendunt,
1098 1091 1139 1124 et
1163 1084 1272 1124 intus
1291 1082 1455 1139 ingg·
1487 1084 1497 1132 i
1539 1084 1558 1139 ᾖ
1591 1082 1593 1087 ’
1636 1086 1657 1092 ”
1683 1080 1698 1130 s

103 1160 227 1200 nant:
251 1154 301 1194 ad
336 1153 478 1194 fucum
508 1154 756 1209 panderunt,
801 1155 851 1195 ad
874 1154 1092 1195 veritatem
1132 1154 1357 1209 abjurant,
1403 1154 1455 1194 ad
1482 1157 1534 1199 ζμ

103 1222 277 1278 gratiam
299 1232 450 1279 negant
476 1223 602 1264 :«Est
637 1224 747 1264 enim
776 1225 845 1280 qui
869 1225 1062 1280 neqniter
1088 1224 1282 1265 humiliat
1314 1239 1378 1271 se,
1415 1231 1456 1264 et

105 1292 328 1334 »interiora
352 1293 442 1348 ejus
472 1294 594 1350 plena
620 1303 716 1334 sunt
748 1285 875 1336 doli².
899 1313 913 1332 ι)
943 1295 997 1335 Et
1018 1303 1080 1336 est
1107 1295 1176 1350 qui
1213 1310 1254 1335 se
1277 1293 1455 1334 nimium

104 1363 314 1405 submittit
337 1364 386 1404 ab
411 1364 648 1405 humilitate
672 1366 817 1406 multa.
857 1365 949 1407 Non
993 1373 1056 1406 est
1100 1380 1200 1421 ergo
1238 1363 1455 1406 humilitas

106 1433 181 1474 nisi
205 1433 292 1474 sine
310 1433 406 1474 suco
424 1467 432 1480 ,
459 1434 548 1474 sine
571 1434 728 1476 fraude.
754 1436 843 1491 Ipsa
867 1444 929 1476 est
941 1450 1037 1476 vera
1056 1468 1065 1483 ,
1090 1450 1181 1491 quae
1200 1435 1326 1475 habet
1344 1434 1455 1489 piam

106 1505 256 1547 mentis
278 1505 576 1546 sinceritatem.
601 1505 745 1562 Magna
765 1506 896 1546 virtus
919 1505 1024 1561 ejus.
1056 1506 1249 1561 Denique
1270 1520 1344 1561 per
1365 1504 1458 1545 ino-

107 1575 360 1617 bedientiam
386 1576 507 1616 unius
527 1576 705 1617 hominis
728 1591 840 1618 mors
861 1577 1070 1624 introivit,
1091 1585 1134 1617 et
1160 1591 1233 1633 per
1262 1574 1459 1616 obedien-

106 1647 205 1688 tiam
230 1647 352 1688 unius
376 1647 659 1689 DominiJesu
681 1647 835 1689 Christi
859 1647 962 1689 facta
987 1655 1048 1688 est
1071 1647 1364 1688 universorum
1391 1660 1459 1686 re-

110 1716 329 1773 demptio³.

168 1787 286 1830 XIX.
325 1787 453 1829 Scivit
475 1787 686 1830 humiliari
709 1797 877 1829 sanetus
896 1786 1053 1844 Joseph
1070 1819 1080 1835 ,
1100 1787 1169 1843 qui
1192 1801 1289 1827 cum
1312 1794 1417 1827 esset
1441 1799 1460 1826 a

111 1858 307 1900 fratribus
339 1858 380 1899 in
412 1859 652 1900 servitutem
684 1857 928 1905 venditus‘⁴,
969 1859 1030 1899 vel
1070 1873 1090 1898 a
1132 1856 1462 1913 negotiatoribus

113 1936 347 1985 coemptus,
366 1928 606 1970 humiliatus
629 1928 670 1970 in
693 1928 969 1984 compedibus
983 1927 994 1947 ⁵
1011 1960 1019 1974 ‚
1038 1934 1083 1967 ut
1102 1926 1316 1983 Scriptura
1336 1924 1461 1973 dicit,

114 1998 309 2039 virtutem
336 1998 581 2040 humilitatis
604 1999 770 2045 didicit,
797 1996 1083 2038 infirmitatem
1107 1996 1354 2053 repudiavit.
1380 1996 1466 2036 Ita-

114 2083 194 2124 que
215 2077 381 2124 emptus
410 2068 449 2108 in
474 2068 641 2125 [Egypli
666 2068 854 2125 partibus
881 2083 902 2108 a
929 2082 1047 2108 servo
1072 2067 1210 2123 regio,
1232 2079 1466 2121 coquorum

116 2137 381 2195 praeposito⁶,
407 2139 719 2219 nonQfiae
742 2138 895 2179 nobilis
927 2137 1181 2179 conscientia
1201 2169 1209 2182 ‚
1235 2136 1350 2191 quasi
1374 2150 1468 2190 ger-

116 2224 211 2250 men
246 2209 640 2256 Abrahamitarum,
676 2208 927 2265 dedignatus
966 2208 1166 2263 obsequia
1217 2206 1464 2251 vernacula,

115 2279 314 2321 fastidivit
341 2280 590 2335 degenerem
622 2279 906 2320 conditionem
937 2293 945 2319 :
971 2279 1044 2319 sed
1066 2277 1195 2333 magis
1222 2290 1402 2340 {Qum
1427 2290 1468 2316 se
1505 2309 1517 2322 Α,
1606 2294 1629 2329 -ς
1662 2273 1688 2290 ²

117 2357 159 2390 et
179 2348 345 2390 fidelem
371 2349 490 2390 herili
515 2349 688 2406 imperio
717 2349 920 2406 praebuit,
949 2350 1031 2389 alto
1050 2348 1270 2388 intendens
1296 2345 1469 2387 consilio

118 2418 222 2461 nihil
246 2418 443 2473 inter-esse
466 2418 505 2460 in
531 2434 613 2475 quo
638 2427 746 2460 statu
765 2419 854 2475 quis
873 2417 1135 2476 probabilem
1155 2432 1198 2457 se
1225 2422 1438 2473 praestaret
1459 2428 1468 2455 ε

120 2488 193 2529 sed
222 2487 340 2529 illum
373 2503 461 2529 esse
497 2487 622 2530 finem
653 2489 886 2538 bonorum,
919 2497 965 2530 ut
999 2489 1040 2529 in
1063 2501 1332 2544 quocumque
1365 2492 1474 2526 statu

170 2601 176 2614 ¹
199 2604 214 2623 2
233 2592 311 2624 Cor.
329 2603 401 2630 viu,
421 2604 450 2624 2.
466 2611 505 2616 —-
522 2601 533 2615 ⁸
549 2593 647 2624 Eccli.
664 2604 729 2631 xix,
748 2593 796 2623 23.
813 2611 853 2616 —
872 2594 884 2616 ³
913 2593 1007 2624 Rom.
1025 2603 1055 2631 v,
1079 2602 1128 2633 ¹9-
1149 2607 1186 2614 —
1208 2592 1219 2618 ⁴
1240 2589 1324 2622 Gen.
1348 2598 1472 2627 xxxvn,

126 2646 177 2679 28.
194 2664 233 2670 —
252 2648 264 2670 ⁵
282 2646 511 2684 Psal.‹:1v‚18.
527 2665 564 2671 —
584 2649 598 2669 ⁶
614 2647 696 2681 Gen.
715 2658 823 2687 xxxa,
846 2657 873 2685 1,
891 2652 922 2680 et
936 2657 1024 2689 seqq.

1682 1227 1730 1268 *x
