1774 3158
489 228 772 258 prs'rotsnuu
805 229 962 257 CLASSIS
995 230 1021 256 1.
1356 228 1432 271 271

94 323 261 368 pueque
282 309 471 358 illorum,
499 309 571 366 qui
595 310 636 351 in
661 309 921 351 Antioehem
946 308 1133 350 Ecclesia
1162 308 1433 351 dissidebant.

154 379 201 425 V.
228 381 281 422 Et
297 381 466 436 quidem
481 378 555 420 nisi
575 380 734 421 hostilis
757 379 1056 436 impedimento
1079 380 1222 438 suisset
1245 380 1438 437 irruptio.

97 451 255 507 aliquos
275 451 398 492 etiam
421 450 470 491 de
493 459 634 491 nostro
659 466 835 492 numero
868 451 1205 506 disposueramus
1244 452 1313 508 ill?
1335 451 1439 492 diri-

1526 402 1586 456 igin]

53 553 65 572 ι
96 536 216 578 gere,
246 521 315 577 qui
348 529 580 577 sequestres
612 529 653 561 et
690 519 835 561 arbitri
863 519 1157 568 refundendae,
1182 521 1212 560 si
1239 520 1327 562 sieri
1350 536 1440 578 pos·
1552 540 1555 542 ·
1603 541 1606 548 ,

96 600 181 639 set,
206 592 317 649 pacis
333 583 569 633 existerent,
592 591 674 636 Sed
696 591 789 650 quia
808 591 943 634 studia
962 599 1101 632 nostra
1122 600 1220 633 tuuc
1240 592 1438 648 temporis

94 662 249 704 habere
270 661 467 704 effectum
489 676 563 718 per
584 660 788 703 tumultus
810 660 1003 717 publicos
1027 661 1333 716 nequiverunt,
1361 662 1436 703 ob-

91 732 194 780 latas
212 732 354 789 pietati
374 720 519 778 vestrae
537 731 757 791 opinamur
780 745 927 787 preces
952 738 1127 778 nostras,
1146 731 1299 786 quihus
1316 731 1433 786 juxta

94 803 274 860 partium
302 801 457 848 factum
483 800 751 861 poposcimus
778 808 823 844 ut
845 801 975 846 altero
1012 800 1270 849 decedente,
1311 815 1439 858 penes

93 873 357 934 superstitem
379 872 577 918 Ecclesia}
593 872 683 928 jura
709 879 1020 929 permanerent,
1041 886 1116 913 nec
1138 872 1272 928 aliqua
1295 887 1442 930 super-

86 942 293 988 ordinatio
305 943 645 985 viattentaretur.
676 940 860 998 Ideoque
881 941 1061 998 petimus
1080 957 1168 990 vos,
1195 943 1438 985 clementis-

87 1012 181 1063 simi
204 1021 244 1057 et
267 1012 482 1059 christiani
500 1011 715 1069 Principes
731 1045 739 1061 ,
764 1019 811 1052 ut
832 1019 873 1053 et
892 1011 1154 1054 Alexandria:
1172 1013 1438 1054 sacerdotum

87 1083 391 1128 catholicorum
419 1083 608 1129 omnium
630 1081 866 1123 Concilium
886 1080 974 1122 lieri
998 1083 1217 1130 censeatis,
1243 1083 1312 1139 qui
1332 1083 1440 1124 inter

87 1167 130 1194 se
167 1153 329 1209 plenius
369 1160 552 1194 tractent
595 1159 719 1208 atque
759 1150 962 1193 deliniant
989 1152 1141 1208 quibus
1160 1152 1437 1210 impertienda

87 1223 330 1272 communio
347 1254 357 1273 ‚
382 1222 620 1279 quibusque
644 1223 845 1263 servanda
867 1221 929 1262 sit.
1077 1213 1089 1219 ⁵

145 1291 211 1334 VI.
248 1291 351 1345 Nam
375 1292 450 1333 etsi
469 1283 763 1343 Alexandrina}
787 1284 986 1335 Ecclesia}
1019 1308 1184 1350 semper
1204 1294 1437 1351 dispositio-

85 1378 179 1405 nem
198 1363 475 1418 ordinemque
495 1361 752 1403 tenuerimus
768 1394 778 1409 ,
803 1371 843 1403 et
861 1361 974 1417 juxta
996 1379 1156 1405 morem
1171 1397 1181 1412 ,
1208 1375 1437 1408 consuetu-

84 1433 311 1490 dinemque
338 1432 548 1489 majorum
581 1431 672 1488 ejus
700 1432 1042 1473 communionem
1067 1433 1345 1477 indissolubili
1367 1452 1439 1479 so-

84 1491 310 1545 cietato'ad
331 1502 420 1548 hsce
449 1518 583 1559 usque
611 1510 797 1559 tempora
823 1518 1067 1552 servemusg
1100 1512 1238 1548 tamen
1277 1521 1330 1548 ne
1368 1516 1438 1550 aut

84 1571 208 1629 aliqui
222 1572 441 1614 videantur
454 1588 541 1614 esse
560 1572 803 1629 posthabiti,
823 1572 1030 1628 quietiam
1049 1577 1313 1631 pacto,quod
1326 1585 1436 1620 stare

82 1646 300 1693 volumus,
338 1644 684 1686 communionem
725 1652 912 1685 nostram
948 1654 1150 1699 rogarunt
1184 1662 1193 1687 ε
1233 1656 1302 1689 aut
1326 1648 1436 1691 illius

79 1715 194 1773 pacis
219 1725 259 1757 et
280 1715 491 1757 societatis
516 1714 706 1756 fidelium
735 1714 925 1772 neglecta
949 1717 1226 1773 compendia;
1254 1719 1295 1761 id
1317 1720 1437 1762 obse-

81 1800 264 1834 cramus,
287 1795 332 1828 ut
354 1801 450 1831 cum
471 1786 579 1827 inter
593 1801 635 1826 se
660 1793 772 1826 eoetu
792 1785 981 1841 pleniore
1000 1789 1287 1837 tractaverint,
1309 1791 1435 1833 etiam

45 1859 53 1879 ”
82 1857 230 1898 auxilia
256 1856 434 1898 decretis
461 1856 800 1898 sacerdotalibus
818 1864 964 1897 vestrae
984 1857 1147 1914 pietatis
1171 1860 1365 1917 aspirent.
1383 1862 1435 1905 Et:

79 1926 200 1968 nobis
230 1926 381 1968 deferri
406 1926 447 1968 in
473 1926 664 1970 notitiam
689 1927 920 1974 censeatis3
947 1942 998 1968 ne
1019 1923 1214 1970 titubanti
1234 1940 1433 1975 nutemus

81 1996 254 2046 affectu,
291 1998 363 2044 sed
385 1996 467 2038 laeti
503 2005 627 2053 atque
652 1996 789 2038 securi
821 1996 964 2054 pietati
989 2006 1136 2039 vestrae
1161 2001 1276 2056 apud
1297 2001 1433 2044 Deum

81 2067 413 2124 omnipotentem
451 2082 621 2124 agamus
655 2065 833 2124 gratias,
875 2082 957 2107 uon
983 2068 1117 2109 solum
1149 2070 1245 2125 quia
1269 2072 1435 2114 exclusa

79 2136 254 2195 perfidia
278 2145 340 2183 est
355 2170 364 2185 ,
387 2137 459 2181 sed
480 2136 574 2194 quia
591 2136 820 2178 Catholicis
838 2135 942 2178 fides
961 2146 1002 2178 et
1022 2139 1250 2180 concordia
1270 2149 1331 2181 est
1349 2157 1439 2183 res-

82 2210 217 2253 tituta.
248 2209 372 2260 Quod
397 2223 416 2250 a
442 2208 558 2250 vobis
589 2207 798 2251 Asricanae
819 2216 860 2249 et
884 2208 1110 2250 Gallieanzc
1142 2210 1339 2254 Ecclesiae
1361 2229 1437 2270 per

78 2278 236 2336 legatos
261 2279 514 2326 obsecrant,
541 2277 622 2321 hoc
645 2286 708 2319 est
729 2312 738 2327 ,
766 2288 811 2320 ut
833 2287 921 2320 toto
951 2280 1066 2320 vobis
1090 2279 1249 2322 faciatis
1274 2282 1313 2323 iu
1332 2285 1435 2326 orbe

80 2350 299 2407 episcopos
321 2349 554 2397 debitores;
575 2349 771 2391 licetnon
791 2349 1006 2393 mediocre
1030 2351 1080 2392 sit
1099 2351 1306 2403 debitum,
1322 2357 1436 2411 quod

79 2420 223 2462 virtuti
246 2427 390 2463 vestrae
414 2419 605 2462 debetur.

137 2488 226 2531 Vll.
261 2490 327 2531 Ad
354 2490 666 2548 deprecandam
691 2496 834 2530 autem
854 2489 1123 2532 clementiam
1147 2501 1325 2535 vestram
1344 2526 1356 2543 ‚
1397 2504 1439 2537 et

80 2559 342 2617 impetranda
361 2574 452 2615 quae
479 2559 693 2616 poscimus
711 2591 721 2607 ‚
743 2559 901 2615 legatos
925 2559 1073 2601 fratres
1097 2569 1139 2603 et
1160 2564 1437 2621 compresby-
