1774 3158
387 236 437 262 DE
471 234 562 262 rina
597 233 963 269 nrasunnsscwoms,
999 236 1073 262 mu.
1118 237 1159 263 11.
1410 227 1463 280 [¹9

116 312 341 369 Scripturis
369 310 523 358 senti03
549 318 593 351 ut
620 310 844 367 patientius
864 312 1026 354 doleam
1044 346 1053 361 ,
1083 314 1369 372 impatientius
1397 316 1464 358 dc-

118 382 310 425 siderem.

175 453 322 495 XLIII.
358 451 587 495 Praestitisti
613 451 742 500 mihi,
776 451 924 500 frater,
950 467 1003 494 ne
1028 463 1208 496 mortem
1238 455 1429 498 timerem
1451 489 1463 505 ,

120 533 242 579 atque
271 523 429 565 utinam
458 521 662 563 moriatur
689 522 828 564 anima
866 538 959 564 mea
992 523 1033 564 in
1066 526 1202 566 anima
1243 535 1344 574 tua3
1384 527 1465 568 hoc

118 592 228 633 onim
251 582 329 633 sitii
348 592 517 633 Balaam
542 605 614 647 pro
636 591 819 633 maximo
851 592 966 634 bono
1002 601 1142 649 optat,
1169 595 1345 636 donatus
1370 595 1465 653 Spi-

118 664 199 705 ritu
221 661 499 720 prophetandi
528 660 791 709 adnodatur,
818 662 977 719 inquit,
1001 663 1134 704 anima
1149 679 1241 705 mea
1259 665 1300 706 in
1320 666 1466 708 animis

120 753 135 773 »
148 734 354 790 justorum
370 765 380 781 ,
399 740 440 773 ct
459 730 528 772 fiat
546 746 690 772 semen
714 747 856 773 meum
874 733 982 774 sicut
1005 748 1147 775 semen
1166 734 1469 778 istorun1¹.»l‹]t

119 818 214 845 vere
235 803 315 844 hoc
337 802 571 844 secundum
595 801 864 858 prophetiam
895 811 1041 860 optat3
1075 803 1146 859 qui
1172 803 1285 845 enim
1308 804 1470 846 viderat

120 884 259 917 ortum
285 873 464 922 Christi,
487 872 587 914 vidit
605 872 694 929 ejus
717 873 989 931 triumphale,
1013 874 1116 916 vidit
1137 884 1316 918 mortem
1338 908 1349 927 ‚
1369 877 1472 918 vidit

120 945 160 986 in
188 959 236 985 eo
261 958 490 1001 perennem
517 942 740 985 hominum
768 945 1154 994 resurrectionem3
1181 955 1222 988 et
1245 947 1338 988 ideo
1366 947 1472 988 mori

120 1030 205 1057 non
226 1015 344 1057 timet
365 1021 694 1056 resurrecturus.
740 1014 832 1057 Non
855 1017 1062 1058 moriatur
1082 1033 1182 1074 ergo
1207 1018 1346 1059 anima
1379 1033 1471 1059 mea

121 1086 162 1127 in
180 1093 353 1142 peccato
377 1117 387 1133 ‚
414 1099 550 1141 neque
572 1093 799 1141 peccatum
816 1085 915 1127 inse
938 1087 1115 1143 recipiat
1139 1103 1148 1128 :
1176 1090 1248 1129 sed
1266 1088 1472 1130 moriatur

122 1158 162 1198 in
187 1156 321 1198 anima
344 1156 470 1213 justi3
503 1162 548 1196 ut
572 1155 663 1211 ejus
686 1157 862 1213 recipiat
884 1157 1137 1212 aequitatem.
1182 1160 1374 1215 Denique
1401 1159 1471 1216 qui

122 1227 300 1269 moritur
322 1227 363 1267 in
385 1225 551 1268 Christo
574 1257 583 1273 ‚
608 1224 656 1267 fit
675 1225 766 1281 ejus
792 1227 934 1283 gratiae
961 1229 1169 1286 particeps
1193 1229 1233 1270 in
1255 1231 1434 1271 lavacro.

173 1297 317 1341 XLIV.
355 1297 445 1339 Non
467 1311 565 1353 ergo
590 1296 871 1339 formidabilis
889 1313 1002 1339 mors
1019 1332 1028 1346 ,
1056 1314 1133 1341 nec
1153 1314 1292 1341 amara
1316 1301 1471 1356 egenti-

117 1369 191 1411 bus
207 1401 217 1417 ,
241 1383 319 1410 nec
341 1367 508 1424 gravior
535 1366 732 1408 divitibus
754 1401 764 1416 ,
798 1383 878 1410 nec
902 1368 1067 1425 *injusta
1097 1370 1332 1411 senioribus
1350 1403 1359 1418 ,
1391 1386 1470 1412 ncc

118 1440 262 1496 ignava
283 1438 459 1480 sortibus
481 1470 491 1486 ,
530 1452 609 1479 nec
645 1446 851 1495 perpetua
886 1437 1081 1481 fideiibus
1103 1472 1113 1489 ‚
1142 1455 1220 1482 nec
1243 1439 1470 1497 improvisa

113 1510 385 1568 sapientibus.
422 1510 561 1560 Quam
595 1508 716 1551 multi
747 1508 859 1550 enim
890 1509 1018 1551 vitam
1049 1511 1137 1552 solo
1168 1511 1314 1552 mortis
1350 1511 1469 1553 titulo

115 1589 418 1625 consecrarunt
437 1614 446 1629 ,
475 1588 653 1636 quantos
674 1580 814 1622 vivere
837 1581 1010 1638 puduit,
1040 1582 1148 1623 mori
1171 1582 1328 1639 profuit
1354 1582 1471 1637 (16)?

113 1653 245 1696 Morte
263 1653 386 1694 unius
409 1653 661 1709 plerumque
680 1651 921 1708 accepimus
942 1652 1144 1695 maximos
1168 1654 1344 1710 populos
1368 1653 1469 1694 libe-

113 1734 223 1767 ratos
244 1741 253 1767 ε
278 1732 414 1766 morte
431 1722 696 1780 imperatoris
718 1722 884 1780 fugatos
903 1723 1111 1766 exercitus
1134 1723 1321 1767 hostium
1335 1756 1345 1772 ,
1361 1739 1464 1781 quos

114 1796 227 1837 vivus
245 1796 412 1837 vincere
434 1793 700 1849 nequivisset.

170 1865 293 1908 XLV.
329 1866 460 1907 Morte
480 1864 712 1920 Martyrum
731 1865 877 1921 religio
899 1865 1081 1913 defensa,
1102 1866 1314 1907 cumulata
1332 1863 1452 1914 fides,

113 1938 296 1980 Ecclesia
318 1938 514 1979 roborata
534 1944 596 1977 est
616 1951 623 1976 :
645 1936 837 1977 vicerunt
854 1936 1008 1977 mortui
1026 1968 1036 1983 ,
1053 1935 1153 1977 victi
1168 1943 1462 1992 persecutores

112 2018 218 2051 sunt.
245 2009 389 2065 Itaque
416 2022 594 2064 quorum
616 2007 741 2048 vitam
765 2006 994 2054 nescimus,
1015 2006 1168 2047 horum
1191 2013 1371 2047 mortem
1394 2020 1458 2046 ce-

110 2081 336 2123 lebramus.
378 2079 496 2121 Unde
527 2087 568 2120 et
604 2078 736 2119 David
766 2078 1014 2134 prophetice
1055 2077 1253 2134 gloriatus
1296 2076 1337 2118 in
1376 2091 1459 2117 sua:

110 2151 260 2194 mentis
283 2166 454 2194 excessu
476 2164 518 2192 t«
535 2149 736 2195 Pretiosa,
767 2148 903 2204 inquit
923 2181 933 2197 ,
958 2147 999 2188 in
1029 2156 1262 2204 conspectu
1285 2146 1456 2189 Domini

108 2239 251 2266 »mors
272 2231 511 2266 sanctorum
531 2220 620 2277 ejus
639 2219 668 2262 ².
689 2238 704 2259 ι)
727 2219 905 2262 Mortem
921 2219 1068 2261 maluit
1087 2219 1302 2276 praeserre,
1324 2232 1450 2274 quam

109 2296 249 2337 vitam.
269 2296 358 2352 Ipsa
371 2309 484 2336 mors
499 2293 729 2347 Martyrum
742 2291 962 2348 praemium
977 2291 1068 2333 vitae
1085 2298 1160 2333 est.
1179 2290 1311 2332 Morte
1330 2289 1455 2331 ctiam

112 2365 377 2406 inimicorum
396 2363 489 2406 odIa
513 2361 743 2405 solvuntur.

168 2434 316 2477 XLVI.
353 2434 467 2486 Quid
495 2433 653 2491 plura?
679 2431 808 2473 Unius
830 2440 967 2474 morte
995 2431 1177 2473 mundus
1212 2431 1455 2486 redemptus

111 2514 187 2549 est.
212 2505 352 2548 Potuit
377 2505 489 2547 enim
514 2504 704 2547 Christus
737 2518 821 2544 non
853 2503 990 2551 mori,
1027 2503 1057 2545 si
1100 2501 1301 2546 voluisset
1339 2515 1348 2541 t
1385 2500 1457 2540 scd

162 2604 168 2618 ¹
190 2595 284 2627 Num.
302 2606 392 2634 xxiii,
415 2606 462 2627 ιο.
485 2613 521 2619 -
543 2603 551 2615 ¹
575 2594 654 2627 Psal.
675 2605 747 2632 cxv,
768 2595 818 2626 15.

231 2664 293 2691 Lx.
1316 2651 1339 2695 [4
