1774 3158
363 259 414 291 DE
447 261 540 291 1211)ss
573 260 938 298 aasunussc'noms,
973 263 1051 295 Lm.
1089 266 1133 295 11.
1364 249 1416 297 83

78 340 182 384 velle
206 341 382 388 mutari3
411 341 508 398 quia
533 340 624 396 ejus
656 355 730 383 nos
761 342 875 398 quod
896 358 1054 393 sumus,
1085 345 1271 403 poenitet.
1299 345 1422 388 Deni-

80 427 159 469 que
169 411 293 453 etiam
312 412 395 468 ipsa
412 420 505 468 post
521 427 642 453 usum
662 419 756 453 vota
775 411 939 454 fastidio
957 421 1055 455 sunt
1074 429 1083 455 :
1103 423 1145 457 et
1160 431 1252 472 quae
1271 416 1422 459 mereri

80 482 326 538 optavimus,
357 497 453 523 cum
479 483 774 530 meruerimus,
801 483 1057 525 abdicamus.

137 551 348 594 CXXVII.
388 553 506 594 Unde
529 568 613 594 non
636 553 846 594 immerito
864 553 990 594 etiam
1010 554 1142 595 5311011
1162 554 1235 595 viri
1258 557 1422 611 prolon-

79 631 218 677 gatum
250 622 479 663 incolatum
513 637 634 664 suum
668 638 775 679 saepe
809 623 1054 664 doluerunt¹
1081 624 1244 665 :doluit
1272 625 1420 674 David,

80 692 211 733 doluit
232 691 508 740 Hieremias&
536 693 669 734 doluit
698 692 845 734 Elias³.
869 693 912 734 Si
938 693 1196 749 sapientibus
1220 695 1424 745 creditur,

79 769 119 802 et
143 761 185 802 hi
214 760 254 802 in
283 762 437 817 quibus
473 763 635 803 divinus
669 763 849 819 Spiritus
876 763 1143 818 loquebatur,
1171 766 1221 805 ad
1253 765 1426 807 meliora

77 830 437 887 properabant:si
466 833 722 887 reliquorum
752 832 911 888 judicia
937 832 1226 881 sciscitamur,
1259 844 1305 876 ut
1335 849 1430 891 cog-

78 915 296 942 noscamus
321 916 466 943 oanes
490 903 531 942 in
554 918 680 944 11113111
714 902 940 944 0011νο11110
971 903 1250 951 50111011113111;
1281 906 1427 960 quanti

77 981 253 1013 mortem
283 973 477 1021 moerori,
504 974 647 1029 quanti
671 982 852 1014 mortem
876 973 1090 1014 formidini
1120 975 1430 1030 praetulerunt?

76 1041 310 1097 judicantes
334 1043 529 1084 videlicet
554 1044 790 1100 graviorem
814 1051 973 1085 metum
995 1043 1142 1085 mortis
1172 1059 1277 1093 esse,
1301 1060 1429 1101 quam

77 1121 270 1154 mortem.
299 1114 417 1155 Adeo
444 1114 527 1154 suis
551 1114 670 1155 malis
692 1129 804 1156 mors
828 1128 912 1156 non
934 1114 1120 1161 timetur,
1142 1116 1216 1157 sed
1237 1116 1331 1158 vitae
1352 1117 1430 1158 mi-

77 1182 190 1223 seriis
214 1183 466 1224 antefertur!
493 1198 590 1225 cum
613 1185 822 1241 expetitur
850 1184 1069 1226 morientis
1099 1185 1251 1233 exitus,
1281 1194 1324 1228 et
1345 1187 1430 1228 evi-

78 1260 188 1293 tatur
210 1251 390 1293 formido
413 1253 599 1296 viventis.

136 1321 367 1364 CXXVIII.
404 1322 487 1364 Sed
515 1333 621 1372 esto,
647 1324 745 1366 huic
772 1324 864 1366 vitae
886 1324 1145 1366 resurrectio
1167 1324 1424 1381 praeferatur.

77 1392 206 1444 Quid,
229 1393 469 1450 philosophi
492 1394 569 1451 ipsi
598 1410 728 1450 genus
752 1403 842 1450 post
871 1403 1052 1436 mortem
1073 1395 1243 1451 aliquod
1266 1411 1433 1453 repere-

77 1473 188 1511 runt,
213 1479 296 1519 quo
318 1479 394 1505 nos
423 1464 484 1505 uti
508 1464 655 1521 magis,
691 1480 816 1520 quam
844 1480 1062 1520 resurgere
1090 1466 1346 1507 delectabit?
1375 1466 1424 1508 Et

77 1535 132 1575 illi
159 1534 330 1589 quidem
355 1534 425 1590 qui
453 1533 601 1575 dicunt
625 1535 782 1576 animas
805 1534 1064 1576 immortales
1094 1550 1199 1583 esse,
1223 1550 1309 1577 11011
1331 1537 1428 1578 53115

76 1606 261 1646 mulcere
283 1620 350 1646 me
373 1613 572 1660 possunt,
599 1620 696 1646 cum
724 1620 801 1662 pro
824 1613 941 1661 parte
967 1620 1036 1646 me
1062 1605 1290 1648 redimunt.
1321 1607 1427 1649 Nam

76 1689 166 1730 quae
192 1683 331 1731 potest
357 1690 445 1716 esse
469 1675 617 1731 gratia,
648 1676 721 1717 ubi
745 1690 828 1716 uon
853 1684 965 1717 totus
988 1674 1127 1716 evasi?
1155 1690 1247 1731 quae
1270 1676 1368 1724 vita,
1394 1677 1426 1718 si

76 1745 116 1786 iu
139 1759 206 1786 me
228 1760 332 1801 opus
351 1744 428 1786 Dei
454 1744 649 1786 occidat?
668 1761 759 1801 quae
775 1744 950 1802 justitia,
974 1746 1007 1786 si
1030 1754 1190 1787 naturae
1210 1745 1303 1788 finis
1333 1748 1422 1804 (25)

76 1831 186 1857 mors
203 1816 272 1864 sit,
292 1816 447 1873 erranti
470 1815 634 1871 justove
662 1816 932 1858 communis?
954 1831 1045 1872 quae
1069 1816 1237 1865 veritas,
1264 1826 1310 1858 ut
1329 1819 1426 1873 quia

76 1888 161 1944 ipsa
194 1902 236 1928 se
265 1895 445 1935 moveat,
478 1895 519 1928 et
550 1902 715 1943 semper
746 1896 963 1928 moveatur
993 1886 1145 1934 anima,
1176 1887 1424 1930 immortalis

75 1972 165 2000 esse
198 1957 423 1998 credatur?
463 1957 588 2009 Quod
620 1958 740 1998 nobis
772 1958 813 1998 in
846 1972 1027 2014 corpore
1066 1972 1292 2000 commune
1327 1973 1426 2000 cum

76 2030 241 2077 bestiis,
274 2038 369 2071 ante
392 2043 542 2085 corpus
566 2029 666 2084 quid
690 2038 858 2085 geratur
880 2029 1111 2076 incertum;
1136 2043 1213 2071 nec
1247 2044 1298 2072 ex
1328 2045 1428 2073 con·

78 2100 210 2142 trariis
232 2099 453 2155 colligatur
475 2099 625 2139 veritas
641 2131 650 2146 ,
678 2099 750 2139 sed
774 2099 1029 2139 destruatur.

135 2172 329 2215 CXXIX.
368 2172 432 2212 An
458 2185 556 2212 vero
580 2170 748 2211 illorum
769 2168 973 2210 sententia
996 2170 1149 2224 placet,
1169 2170 1240 2226 qui
1262 2178 1426 2213 nostras

78 2243 248 2291 animas,
279 2243 350 2284 ubi
375 2257 426 2283 ex
449 2241 532 2283 hoc
557 2255 734 2296 corpore
757 2238 1069 2295 emigraverint,
1099 2239 1142 2281 in
1173 2255 1350 2297 corpora
1371 2241 1428 2283 fe-

77 2328 230 2362 rarum,
253 2313 546 2367 variorumque
565 2309 840 2351 animantium
859 2308 1036 2351 transire
1059 2311 1427 2352 commemorant?

13 2417 15 2431 .
77 2383 131 2426 At
158 2391 271 2425 certe
298 2383 385 2424 haec
410 2381 568 2423 Circeis
593 2379 1003 2421 medicamentorum
1021 2378 1231 2421 illecebris
1255 2395 1429 2437 compo--

79 2454 151 2495 sita
166 2468 255 2495 esse
274 2452 455 2494 ludibria
467 2451 691 2493 Poetarum
705 2447 1032 2506 ipsiphilosophi
1051 2448 1254 2491 disserere
1271 2451 1430 2491 solent:

80 2538 157 2566 nec
189 2531 273 2565 tam
296 2522 388 2564 illos
420 2521 489 2578 qui
512 2519 698 2578 perpessi
724 2519 801 2560 ista
829 2518 1097 2567 simulentur,
1128 2534 1255 2576 quam
1287 2535 1432 2563 sensus

124 2614 131 2628 ¹
155 2605 240 2638 Psal.
262 2614 347 2641 cxlx,
364 2605 393 2636 5.
411 2621 450 2627 -
471 2612 482 2626 ²
502 2602 622 2634 Jerem.
641 2612 695 2637 xx,
716 2609 765 2642 17.
780 2617 820 2625 -
839 2601 853 2626 3
870 2599 888 2632 5
907 2598 987 2642 Reg.
1004 2599 1120 2639 x1x24.

1236 2656 1274 2699 6.
