1774 3158
361 204 567 233 sszoan
606 203 759 233 ancisus
791 206 925 240 anm,
959 207 1085 236 samio
1119 210 1178 238 111.
1367 197 1448 253 159

102 282 174 323 »in
200 296 267 323 me
289 282 435 324 nihil¹.
457 302 472 321 n
498 283 924 324 Etntsacramentum
937 286 1073 326 crucis
1092 288 1346 336 ostenderet,
1373 289 1447 330 ad-

101 351 227 407 jecit,
254 352 396 393 dicens
419 368 428 393 :
451 371 465 389 a
481 353 533 392 Et
548 353 626 393 erit
648 351 804 407 justitia
831 354 1081 408 praecinctus
1098 357 1289 406 lumbos,
1321 367 1361 399 et
1383 374 1448 400 ve-

101 421 252 461 »ritate
276 421 482 463 involatus
499 423 639 462 latera.
668 422 801 470 Tunc,
828 423 897 468 ait,
925 422 1068 477 (idest
1087 440 1137 466 cx
1160 441 1209 467 co
1234 429 1439 484 tempore)

99 497 272 545 »pascet
293 491 416 546 lupus
438 505 534 531 cum
559 504 679 543 agno,
706 499 746 531 et
769 492 924 546 pardus
943 493 1280 547 requiescetcum
1298 497 1441 546 hoedo,

106 567 177 599 »et
195 558 349 599 vitulus
367 567 408 600 et
432 567 576 599 taurus
592 567 634 599 et
653 560 718 600 leo
745 559 869 599 simul
889 569 1145 616 pascentur3
1167 572 1208 604 et
1228 579 1333 620 puer
1348 580 1448 621 par-

101 627 250 668 »vulus
277 626 403 668 ducet
420 642 490 668 eos
516 647 531 664 n
561 628 666 682 (hoc
693 635 755 668 est
781 630 975 669 sacerdos
1004 630 1069 670 vel
1092 631 1224 672 aetatis
1246 634 1449 687 parvitate

100 697 279 752 junocus
295 731 304 745 ‚
342 699 409 739 vel
447 698 696 738 innocentiae
746 699 925 753 puritate
958 700 1159 741 subnixus
1202 703 1455 758 gubernabit

103 768 218 822 eos.)
247 784 262 804 (ι
279 767 330 807 Et
352 767 428 808 bos
454 775 495 807 et
518 782 640 807 ursus
663 768 786 807 sinml
808 776 1055 823 pascentur,
1081 769 1146 823 (et
1166 771 1281 812 natio
1304 785 1451 812 eorum

99 852 116 873 »
131 849 211 875 una
239 836 340 890 erit)
368 844 409 877 et
430 834 497 882 leo
513 836 650 877 ethos
678 837 996 878 manducabunt
1018 839 1176 893 paleas,
1210 840 1277 895 (id
1294 841 1444 881 estari-

101 906 202 946 »das
232 905 416 962 escas)².
441 924 456 944 »
478 906 538 948 Ac
569 921 621 947 ne
650 921 742 947 mea
778 907 1068 963 interpretatio
1098 918 1351 966 praesumpta
1383 912 1449 953 vel

101 975 321 1016 temeraria
344 989 366 1016 a
382 974 568 1016 sollicitis
592 975 853 1016 auditoribus
880 976 1110 1034 judicetur,
1139 980 1314 1035 apostoli
1334 981 1451 1022 Pauli

102 1046 422 1102 disputationem
446 1046 548 1086 meis
570 1046 987 1102 interpretationibus
1009 1047 1280 1096 interseram,
1306 1050 1451 1091 diccu-

101 1115 152 1156 tis
173 1129 182 1154 :
209 1131 224 1152 a
241 1115 456 1171 Expoliate
479 1129 549 1156 vos
570 1123 756 1156 veterem
781 1115 998 1157 hominem
1027 1131 1124 1157 cum
1156 1118 1319 1159 actibus
1341 1119 1449 1174 ejuS,

101 1193 173 1226 »et
198 1184 358 1227 induite
384 1200 540 1227 novum
563 1186 632 1241 qui
657 1194 883 1227 renovatur
902 1187 943 1226 in
963 1187 1175 1242 agnitione
1192 1187 1270 1229 Dei
1298 1203 1450 1230 secun-

102 1256 231 1297 »dum
259 1255 481 1312 imaginem
504 1255 617 1311 ejus,
646 1256 716 1311 qui
734 1257 891 1297 creavit
911 1272 1023 1303 euni.
1048 1258 1126 1299 [bi
1148 1273 1233 1299 non
1258 1267 1320 1299 est
1338 1274 1450 1300 mas·

103 1326 251 1366 aculus
285 1333 327 1366 et
361 1326 554 1372 soemina,
590 1325 762 1366 Graecus
794 1335 836 1366 et
869 1325 1066 1373 Judaeus,
1101 1327 1369 1369 circumcisio
1411 1336 1452 1369 ct

102 1396 406 1452 »praeputiun},
434 1396 638 1437 barbarus
669 1404 709 1436 et
743 1395 894 1452 Scyta,
931 1411 1073 1437 servus
1122 1405 1164 1438 et
1196 1398 1333 1445 liber,
1382 1399 1455 1439 sed

102 1466 271 1507 »omnia
293 1474 335 1507 et
356 1465 398 1506 in
423 1465 620 1507 omnibus
656 1464 861 1506 Christus.
886 1483 900 1502 »
923 1464 1084 1507 Veteris
1113 1467 1275 1507 actibus
1306 1468 1454 1523 spolia-

102 1542 166 1575 tos
187 1534 507 1576 conversatione
527 1534 623 1575 novi
647 1533 848 1581 hominis,
874 1534 944 1589 qui
968 1534 1160 1575 Christus
1188 1545 1276 1583 est,
1301 1536 1451 1583 vestit;

103 1619 180 1645 nec
210 1619 354 1661 passus
378 1614 440 1646 est
470 1605 708 1660 relinquere
741 1609 914 1651 exutos,
949 1606 1022 1645 sed
1052 1605 1234 1661 tegmine
1267 1606 1454 1647 honesiae

103 1672 430 1715 conversationis
451 1704 461 1721 ,
503 1681 544 1713 et
584 1673 793 1714 bonorum
837 1688 974 1729 operae
1022 1674 1210 1715 claritate
1247 1676 1446 1716 contexit.

116 1744 313 1785 «Induite
345 1758 444 1791 vos,
476 1743 634 1799 inquit,
662 1743 770 1784 sicut
799 1744 922 1784 electi
955 1744 1029 1784 Dei
1065 1752 1105 1785 et
1132 1746 1265 1786 sancti
1295 1745 1454 1786 viscera

105 1813 450 1860 »misericordiae,
488 1813 811 1869 benignitatem,
849 1812 1155 1861 humilitatem,
1188 1815 1457 1870 patientiam,

105 1884 410 1931 »modestiam‚
443 1882 689 1924 sufferentes
712 1883 911 1930 invicem,
940 1890 980 1923 et
1009 1884 1212 1924 donantes
1234 1884 1456 1925 vobismet-

105 1950 256 2006 ἡμεῖς,
277 1951 308 1990 si
333 1950 424 2005 quis
447 1950 667 1990 adversum
699 1950 880 2004 aliquem
910 1949 1037 1989 habet
1070 1952 1284 2004 querelam
1301 1983 1311 2000 ‚
1348 1951 1458 1992 sicut

101 2038 116 2057 ι)
132 2027 173 2060 et
194 2019 398 2060 Dominus
419 2019 585 2060 donavit
603 2018 740 2063 vobis,
768 2019 823 2058 ita
845 2026 886 2058 et
910 2032 980 2058 vos
999 2017 1163 2059 facite³.
1189 2037 1204 2057 n

163 2088 237 2130 XI.
279 2089 368 2129 Deo
392 2089 574 2129 donante
598 2088 767 2129 remissa
784 2094 881 2127 sunt
903 2087 1024 2128 nobis
1046 2089 1210 2136 omnia;
1231 2104 1454 2145 permanc-

106 2158 244 2199 bimus
262 2157 480 2199 indemnes
503 2159 535 2199 si
557 2166 599 2199 et
626 2172 700 2198 nos
723 2157 898 2197 fratrum
924 2156 1188 2198 remittamus
1206 2158 1363 2200 offensa
1382 2173 1391 2199 :
1421 2159 1452 2200 si

108 2228 324 2269 charitatis
344 2228 520 2269 vinculis
550 2227 817 2283 inseparabili
842 2241 951 2267 nexu
973 2226 1227 2282 jungamur‘⁸
1255 2243 1263 2268 :
1289 2229 1320 2269 si
1344 2229 1457 2284 pacis

108 2313 284 2339 munere
303 2301 460 2340 alterno
476 2313 618 2339 amore
636 2299 826 2338 laetemur
847 2311 857 2337 ε
883 2298 914 2337 si
938 2297 1086 2337 divinis
1105 2312 1180 2338 nos
1201 2298 1458 2341 aedificemus

110 2368 324 2423 Eloquiis:
351 2369 383 2409 si
405 2367 577 2410 Psalmis
612 2368 662 2408 ad
693 2366 880 2408 coelestia
912 2380 1219 2423 provocemus:
1247 2367 1278 2408 si
1311 2370 1363 2409 ad
1393 2384 1458 2409 su-

159 2480 167 2493 ¹
189 2470 283 2502 Joan.
305 2481 372 2510 xiv,
390 2472 440 2502 50.
467 2490 506 2494 —
537 2481 547 2494 ²
570 2472 643 2502 lsai.
663 2481 705 2507 xi,
723 2471 785 2511 5-7.
805 2487 840 2493 -
862 2469 873 2488 ³
891 2469 1016 2502 Coloss.
1037 2480 1087 2509 ιιι,
1103 2471 1190 2512 9¹¹3·
1210 2489 1247 2495 —
1267 2473 1279 2498 ⁴
1300 2471 1385 2502 lbid.
1407 2472 1454 2508 14,

113 2529 144 2557 el
165 2534 257 2567 seqq.
