1774 3158
299 228 384 286 398
847 238 880 266 ο.
918 237 1114 267 Aunaosu

293 320 462 363 indocta
476 325 518 360 et
537 315 747 359 inerudita
763 323 828 357 cst
842 347 854 365 ,
874 315 1191 372 disciplinarum
1209 316 1349 359 nescia
1369 331 1378 358 :
1402 332 1496 374 quae
1512 328 1651 363 autem

295 388 490 446 insignita
506 421 516 436 ‚
540 388 688 429 eadem
707 385 822 428 dives
842 371 1022 443 'onerum
1037 418 1048 434 ‚
1068 395 1110 427 et
1130 387 1359 443 gratiarum
1378 388 1530 444 opima.

353 458 462 501 XVI.
483 459 547 500 Ad
558 473 648 500 eam
663 457 883 514 quivenit,
900 457 1050 498 iratum
1066 456 1236 498 fratrem
1259 458 1502 500 reconciliet
1518 458 1648 516 prius.

293 531 359 574 Ad
379 545 468 572 eam
487 529 557 586 qui
577 529 712 577 venit,
737 527 969 570 Sichimam
995 528 1222 584 pretiosam
1242 528 1352 569 illam
1375 537 1417 570 et
1436 538 1652 573 actuosam

299 601 506 644 inhabitet
537 599 738 640 virtutum
761 597 975 639 officinam
989 629 1000 645 ,
1027 597 1099 638 ubi
1138 598 1243 639 laesae
1277 599 1477 641 castitatis
1517 600 1652 656 gravis

298 680 360 713 est
382 670 501 711 ultio.
527 669 593 711 Ad
612 684 703 710 eam
723 668 794 724 qui
815 670 944 715 venit,
968 668 1156 708 luctetur
1179 673 1275 709 c'nm
1305 668 1408 716 De0;
1437 677 1481 710 nt
1501 671 1551 710 ad
1570 671 1654 712 imi·

298 742 498 783 tationem
523 739 612 795 ejus
634 754 676 780 se
703 746 918 786 exerceat,
942 739 992 778 ad
1011 738 1295 780 humilitatem
1315 740 1470 781 Christi
1494 749 1535 781 et
1556 755 1651 796 pas-

297 813 432 855 siones
452 811 541 867 ejus
569 809 882 864 congrediatur.
911 809 1046 850 Tollat
1073 822 1244 849 crucem
1269 825 1409 857 suam,
1434 818 1476 851 et
1507 811 1650 852 Chris·

296 889 385 926 tum
409 881 652 938 sequatnr².
675 880 867 934 Denique
890 880 1024 920 bonus
1045 894 1292 936 congressor
1314 896 1394 921 non
1412 882 1648 930 aemnlatur,

294 970 378 997 non
396 952 590 1000 inflatum
617 951 701 992 imo
718 950 847 992 etiam
870 951 1087 992 benedicit
1109 951 1453 1007 congredientem
1472 952 1551 994 sibi
1579 952 1649 994 tali

296 1038 489 1067 munrre.

352 1094 488 1139 XVII.
524 1093 759 1148 Sequamur
781 1104 879 1146 ergo
903 1098 1094 1132 sanctum
1112 1089 1247 1132 Jacob
1263 1123 1274 1139 ,
1300 1099 1342 1133 et
1357 1090 1442 1133 vias
1469 1091 1583 1147 ejus;
1603 1102 1650 1136 ut

294 1166 589 1225 perveniamus
632 1163 683 1204 ad
721 1176 790 1202 eas
829 1161 1068 1217 passiones,
1108 1162 1160 1203 ad
1193 1175 1262 1202 eas
1304 1163 1646 1218 congressiones,

295 1235 590 1295 perveniamus
630 1233 681 1274 ad
711 1231 967 1279 humerum,
1004 1231 1299 1286 perveniamus
1325 1232 1378 1273 ad
1406 1231 1648 1287 patientiam

293 1315 472 1349 matre-m
490 1303 680 1345 fidelium
697 1333 707 1350 ,
731 1310 773 1342 et
796 1301 846 1341 ad
867 1309 1025 1357 patrem
1045 1302 1181 1349 Isaac,
1208 1301 1249 1342 id
1267 1309 1350 1349 est,
1375 1300 1648 1357 jucunditatis

293 1390 517 1432 capacem,
559 1372 712 1414 laetitiae
747 1372 1069 1412 redundantem.
1102 1371 1177 1413 [bi
1202 1371 1285 1426 jam
1324 1372 1548 1428 patientia,
1590 1373 1646 1415 ibi

289 1447 428 1490 laetitia
451 1462 460 1492 ;
485 1445 582 1501 qnia
607 1452 698 1500 post
720 1442 1012 1483 tribulationes
1033 1442 1254 1498 patientia,
1281 1443 1482 1498 pativntia
1505 1452 1645 1485 antem

289 1516 584 1574 ‘probationem
611 1521 834 1569 operatur,
861 1511 901 1551 in
924 1527 1000 1566 qua
1021 1522 1082 1553 est
1105 1527 1219 1567 spes,
1242 1512 1292 1552 de
1317 1527 1395 1566 qua
1422 1528 1503 1552 non
1542 1528 1646 1554 con-

290 1582 1455 1640 fundimnr²;qnoniamquinonsueritronl'nsuscrucem
1471 1583 1642 1634 Christi,

289 1672 369 1700 nec
395 1656 582 1696 Christus
606 1652 888 1694 confundi-tur
910 1652 950 1692 in
974 1667 1038 1692 eo·
1056 1652 1183 1700 Vale,
1209 1651 1266 1692 fili
1282 1684 1291 1698 ,
1310 1660 1349 1692 et
1371 1667 1452 1693 nou
1476 1655 1646 1696 erubes-

289 1744 358 1771 cas
380 1736 540 1783 patrem
565 1726 848 1779 interrogare,
877 1722 948 1778 qui
970 1738 1055 1764 non
1078 1723 1292 1765 erubescis
1317 1721 1359 1762 in
1380 1724 1643 1779 passionibus

289 1797 444 1840 Christi
469 1794 650 1853 gloriari.

336 1886 343 1901 ¹
366 1877 485 1910 Matth.
501 1887 569 1915 xii,
587 1874 639 1913 24.
654 1892 694 1898 —
713 1883 725 1898 ²
746 1873 838 1905 Rom.
856 1883 886 1908 v,
901 1873 933 1904 3.
